Coles	Hot Cross Buns Chocolate	$ 4 .00	6 pack	$0.67 per 1Ea	"Nutrition Facts
Serving size: 1 serving = Approx. 76g (1 Bun)
Qty
Quantity
per serving Qty
Quantity
per 100g / 100ml %
Percentage
daily intake*
Energy 1072.82 1411.6 12
Energy Cal 256.65 337.7 0
Protein 5.32 7 11
Total Fat 8.74 11.5 12
Saturated Fat 4.56 6 19
Trans 0.68 0.9 0
Carbohydrate 37.62 49.5 12
Sugars 16.19 21.3 18
Dietary Fibre Total 2.43 3.2 8
Sodium 146.68 193 6
*Percentage Daily Intake per serving. Percentage Daily Intakes are based on an average adult diet of 8700 kJ. Your daily intakes may be higher or lower depending on your energy needs.
Disclaimer:
Product details, including nutritional information and country of origin, may change from time to time and so the product you receive in your order may not reflect the information on this page. Please check the packaging on any product you purchase and if it's not what you expected, feel free to return it for a full refund.
Details
Ingredients:
INGREDIENTS: Wheat Flour, Milk Chocolate Chips (25%) [Sugar, Cocoa Solids^ (35%), Milk Solids (10%), Emulsifiers (322 from Soy, 476), Natural Vanilla Flavour], Water, Sugar, Cocoa Powder^ (3%), Crossing Paste [Water, Wheat Starch, Wheat Flour, Vegetable Oils (Palm**, Canola), Vegetable Emulsifier (471 from Palm**), Thickener (415) (Soy), Salt], Yeast, Glaze [Water, Sugar, Thickeners (1400, 415), Acidity Regulator (330)], Vegetable Oils (Palm**, Canola), Wheat Gluten, Iodised Salt, Vitamins (Thiamin, Folic Acid).^Rainforest Alliance Certified. Find out more at ra.org
Allergen:
May Contain SULPHITES, May Contain CEREALS CONTAINING GLUTEN, May Contain EGG, Contains SOY, May Contain SESAME, Contains MILK, May Contain Lupin, May Contain PEANUTS, Contains Wheat, May Contain TREE NUTS
Servings Per Pack:
6.0
Storage Instructions:
Store in a cool, dry place
Code: 4882003P
4 8 8 2 0 0 3 P
Customers also purchased
Coles Hot Cross Buns Apple And Cinnamon 6 pack while stocks last product
Coles Hot Cross Buns Apple And Cinnamon
6 pack while stocks last product
$4.00
6 pack $0.67 per 1Ea
Unit Price
Add
1
for $4.00

Coles Vegemite And Cheese Hot Cross Buns 4 pack while stocks last product
Coles Vegemite And Cheese Hot Cross Buns
4 pack while stocks last product
$5.00
4 pack $1.25 per 1Ea
Unit Price
Add
1
for $5.00

Coles Gluten Free Hot Cross Bun 3 pack while stocks last product
Coles Gluten Free Hot Cross Bun
3 pack while stocks last product
$4.00
3 pack $1.33 per 1Ea
Unit Price
Add
1
for $4.00

Coles Gluten Free Chocolate Hot Cross Buns 3 pack while stocks last product
Coles Gluten Free Chocolate Hot Cross Buns
3 pack while stocks last product
$4.00
3 pack $1.33 per 1Ea
Unit Price
Add
1
for $4.00"	['/wcsstore/Coles-CAS/images/4/8/8/4882003-th.jpg', '/wcsstore/Coles-CAS/images/4/8/8/4882003_B-th.jpg']
Coles	Hot Cross Buns Fruit Free	$ 4 .00	6 pack	$0.67 per 1Ea	"Nutrition Facts
Serving size: 1 serving = Approx. 76g (1 bun)
Qty
Quantity
per serving Qty
Quantity
per 100g / 100ml %
Percentage
daily intake*
Energy 858.5 1129.6 10
Protein 6.08 8 12
Total Fat 3.5 4.6 5
Saturated Fat 0.91 1.2 4
Carbohydrate 36.02 47.4 12
Sugars 4.79 6.3 5
Dietary Fibre Total 1.67 2.2 6
Sodium 254.6 335 11
*Percentage Daily Intake per serving. Percentage Daily Intakes are based on an average adult diet of 8700 kJ. Your daily intakes may be higher or lower depending on your energy needs.
Disclaimer:
Product details, including nutritional information and country of origin, may change from time to time and so the product you receive in your order may not reflect the information on this page. Please check the packaging on any product you purchase and if it's not what you expected, feel free to return it for a full refund.
Details
Ingredients:
INGREDIENTS: Wheat Flour, Water, Sugar, Yeast, Vegetable Oils (Palm**, Canola), Crossing Paste [Water, Wheat Starch, Wheat Flour, Vegetable Oils (Palm**, Canola), Vegetable Emulsifier (471 Palm**), Thickener (415) (Soy), Salt], Glaze [Water, Sugar, Thickeners (1400, 415), Acidity Regulator (330)], Wheat Gluten, Spices, Iodised Salt, Vitamins (Thiamin, Folic Acid)., Wheat Flour, Water, Sugar, Yeast, Vegetable Oils (Palm**, Canola), Crossing Paste [Water, Wheat Starch, Wheat Flour, Vegetable Oils (Palm**, Canola), Vegetable Emulsifier (471 Palm**), Thickener (415), Salt], Glaze [Water, Sugar, Thickeners (1400, 415), Acidity Regulator (330)], Wheat Gluten, Spices, Iodised Salt, Vitamins (Thiamin, Folic Acid)
Allergen:
May Contain Pine, May Contain Walnut, May Contain EGG, May Contain MILK, Contains SOY, May Contain Macadamia Nuts, May Contain Cashew, May Contain SESAME, May Contain Hazelnuts, May Contain Brazil Nuts, May Contain Lupin, May Contain Almonds, Contains CEREALS CONTAINING GLUTEN, May Contain PEANUTS, Contains Gluten, May Contain Pistachios, Contains Wheat, Contains Sulphites, May Contain Pecan
Servings Per Pack:
6
Storage Instructions:
Store in a cool, dry place
Code: 8368464P
8 3 6 8 4 6 4 P
Customers also purchased
Coles Hot Cross Buns Traditional Fruit 6 pack while stocks last product
Coles Hot Cross Buns Traditional Fruit
6 pack while stocks last product
$4.00
6 pack $0.67 per 1Ea
Unit Price
Add
1
for $4.00"	['/wcsstore/Coles-CAS/images/8/3/6/8368464-th.jpg', '/wcsstore/Coles-CAS/images/8/3/6/8368464_L-th.jpg', '/wcsstore/Coles-CAS/images/8/3/6/8368464_R-th.jpg', '/wcsstore/Coles-CAS/images/8/3/6/8368464_B-th.jpg']
Coles	Hot Cross Buns Traditional Mini Fruit	$ 4 .00	9 pack	$0.44 per 1Ea	"Nutrition Facts
Serving size: 1 serving = Approximately 45
Qty
Quantity
per serving Qty
Quantity
per 100g / 100ml %
Percentage
daily intake*
Energy Cal 137 291
Not provided
Saturated Fat LESS THAN 1g 1.2 2
Trans 0.04 0.09
Not provided
Carbohydrate 26.4 56.1 9
*Percentage Daily Intake per serving. Percentage Daily Intakes are based on an average adult diet of 8700 kJ. Your daily intakes may be higher or lower depending on your energy needs.
Disclaimer:
Product details, including nutritional information and country of origin, may change from time to time and so the product you receive in your order may not reflect the information on this page. Please check the packaging on any product you purchase and if it's not what you expected, feel free to return it for a full refund.
Details
Ingredients:
INGREDIENTS: Wheat Flour, Fruit Mix (27%) (Currants, Sultanas, Raisins, Sunflower Oil), Water, Sugar, Yeast, Crossing Paste (Water, Wheat Starch, Wheat Flour, Vegetable Oils (Palm, Canola), Vegetable Emulsifier (471 from Palm**), Thickener (415) (Soy), Salt), Vegetable Oils (Palm**, Canola), Glaze (Water, Sugar, Thickeners (1400, 415), Acidity Regulator (330)), Wheat Gluten, Spices, Iodised Salt, Vitamins (Thiamin, Folic Acid).
Allergen:
May Contain Pine, May Contain Walnut, May Contain SULPHITES, May Contain EGG, May Contain MILK, May Contain SOY, May Contain Macadamia Nuts, May Contain Cashew, May Contain SESAME, May Contain Hazelnuts, May Contain Brazil Nuts, May Contain Lupin, May Contain Almonds, Contains CEREALS CONTAINING GLUTEN, May Contain PEANUTS, Contains Gluten, May Contain Pistachios, Contains Wheat, Contains Sulphites, May Contain Pecan
Storage Instructions:
Store in a cool, dry place
Code: 4882025P
4 8 8 2 0 2 5 P
Customers also purchased
Coles Vegemite And Cheese Hot Cross Buns 4 pack while stocks last product
Coles Vegemite And Cheese Hot Cross Buns
4 pack while stocks last product
$5.00
4 pack $1.25 per 1Ea
Unit Price
Add
1
for $5.00

Coles Gluten Free Hot Cross Bun 3 pack while stocks last product
Coles Gluten Free Hot Cross Bun
3 pack while stocks last product
$4.00
3 pack $1.33 per 1Ea
Unit Price
Add
1
for $4.00

Coles Gluten Free Chocolate Hot Cross Buns 3 pack while stocks last product
Coles Gluten Free Chocolate Hot Cross Buns
3 pack while stocks last product
$4.00
3 pack $1.33 per 1Ea
Unit Price
Add
1
for $4.00

Coles Hot Cross Buns Special Burger Sauce 4 pack while stocks last product
Coles Hot Cross Buns Special Burger Sauce
4 pack while stocks last product
$5.00
4 pack $1.25 per 1Ea
Unit Price
Add
1
for $5.00"	['/wcsstore/Coles-CAS/images/4/8/8/4882025-th.jpg', '/wcsstore/Coles-CAS/images/4/8/8/4882025_L-th.jpg', '/wcsstore/Coles-CAS/images/4/8/8/4882025_R-th.jpg', '/wcsstore/Coles-CAS/images/4/8/8/4882025_B-th.jpg']
Coles	Hot Cross Buns Apple And Cinnamon	$ 4 .00	6 pack	$0.67 per 1Ea	"Nutrition Facts
Serving size: 1 serving = Approx. 76g (1 Bun)
Qty
Quantity
per serving Qty
Quantity
per 100g / 100ml %
Percentage
daily intake*
Energy 946 1250 11
Energy Cal 226 298 0
Protein 5.02 6.6 10
Total Fat 4.6 6.1 7
Saturated Fat 3.4 3.8 14
Carbohydrate 39.7 52.2 13
Sugars 13.98 18.4 16
Dietary Fibre Total 1.82 2.4 6
Sodium 212 279 9
*Percentage Daily Intake per serving. Percentage Daily Intakes are based on an average adult diet of 8700 kJ. Your daily intakes may be higher or lower depending on your energy needs.
Disclaimer:
Product details, including nutritional information and country of origin, may change from time to time and so the product you receive in your order may not reflect the information on this page. Please check the packaging on any product you purchase and if it's not what you expected, feel free to return it for a full refund.
Details
Ingredients:
INGREDIENTS: Wheat Flour (Vitamins (Thiamin, Folic Acid)), Water, Apple Pieces (11%) (Apple Puree (53%) (Apple Puree, Ascorbic Acid (300)), Inverted Syrup, Sucrose, Humectant (Glycerol), Citrus Fibre, Acidity Regulator (296), Gelling Agent (Pectin (440), Sucrose), Natural Flavour), Cinnamon Flavoured Chips (7%) (Sugar, Vegetable Fats (Palm**, Coconut), Milk Solids, Cinnamon, Emulsifiers (322 (Soy), 492)), Sugar, Yeast, Crossing Paste (Water, Wheat Starch, Wheat Flour, Vegetable Oils (Palm**, Canola), Vegetable Emulsifier (471 from Palm**), Thickener (415) (Soy), Salt), Vegetable Oils (Palm**, Canola), Glaze (Water, Sugar, Thickeners (1400, 415), Acidity Regulator (330)), Wheat Gluten, Spices, Iodised Salt, Processing Aid (Wheat)., Wheat Flour,Water,Apple Pieces (10%) [Apple Puree (53%) (Apple Puree, Ascorbic Acid (300)], Inverted Syrup, Sucrose, Humectant (Glycerol), Citrus Fibre, Acidity Regulator (296), Gelling Agent (Pectin, Sucrose), Flavour], Cinnamon Flavoured Chips (9%) [Sugar, Vegetable Fats (Palm**, Coconut),Milk Solids,Cinnamon, Emulsifiers (322 Soy,492)], Sugar, Crossing Paste [Water,Wheat Starch,Wheat Flour,Vegetable Oils (Palm**, Canola), Vegetable Emulsifier (471 Palm**), Thickener (415), Salt], Yeast, Vegetable Oils (Palm**, Canola), Glaze [Water, Sugar, Thickeners (1400, 415), Acidity Regulator (330)], Wheat Gluten, Spices, Iodised Salt, Vitamins (Thiamin, Folic Acid)
Allergen:
May Contain Pine, May Contain Walnut, May Contain EGG, Contains SOY, May Contain Macadamia Nuts, May Contain Cashew, May Contain SESAME, May Contain Hazelnuts, May Contain Brazil Nuts, Contains MILK, May Contain Lupin, May Contain Almonds, Contains CEREALS CONTAINING GLUTEN, May Contain PEANUTS, Contains Gluten, May Contain Pistachios, Contains Wheat, Contains Sulphites, May Contain Pecan
Servings Per Pack:
6
Storage Instructions:
Store in a cool, dry place
Code: 2132192P
2 1 3 2 1 9 2 P
Customers also purchased
Coles Hot Cross Buns Chocolate 6 pack while stocks last product
Coles Hot Cross Buns Chocolate
6 pack while stocks last product
$4.00
6 pack $0.67 per 1Ea
Unit Price
Add
1
for $4.00

Coles Vegemite And Cheese Hot Cross Buns 4 pack while stocks last product
Coles Vegemite And Cheese Hot Cross Buns
4 pack while stocks last product
$5.00
4 pack $1.25 per 1Ea
Unit Price
Add
1
for $5.00

Coles Gluten Free Hot Cross Bun 3 pack while stocks last product
Coles Gluten Free Hot Cross Bun
3 pack while stocks last product
$4.00
3 pack $1.33 per 1Ea
Unit Price
Add
1
for $4.00

Coles Carrot Cake Filled Hot Cross Bun 4 pack on special
Coles Carrot Cake Filled Hot Cross Bun
4 pack on special
$5.00
save
$1.00
4 pack $1.25 per 1Ea
Unit Price
Add
1
for $5.00"	['/wcsstore/Coles-CAS/images/2/1/3/2132192-th.jpg', '/wcsstore/Coles-CAS/images/2/1/3/2132192_L-th.jpg', '/wcsstore/Coles-CAS/images/2/1/3/2132192_R-th.jpg', '/wcsstore/Coles-CAS/images/2/1/3/2132192_B-th.jpg']
Coles	Hot Cross Buns Traditional Fruit	$ 4 .00	6 pack	$0.67 per 1Ea	"Nutrition Facts
Serving size: 1 serving = Approximately 90
Qty
Quantity
per serving Qty
Quantity
per 100g / 100ml %
Percentage
daily intake*
Energy 905.616 1191.6
Not provided
Energy Cal 216.6545455 285.0717703
Not provided
Protein 6.232 8.2
Not provided
Trans 0.0684 0.09
Not provided
Carbohydrate 38 50
Not provided
Sugars 18.088 23.8
Not provided
Dietary Fibre Total 3.04 4
Not provided
Sodium 140.6 185
Not provided
*Percentage Daily Intake per serving. Percentage Daily Intakes are based on an average adult diet of 8700 kJ. Your daily intakes may be higher or lower depending on your energy needs.
Disclaimer:
Product details, including nutritional information and country of origin, may change from time to time and so the product you receive in your order may not reflect the information on this page. Please check the packaging on any product you purchase and if it's not what you expected, feel free to return it for a full refund.
Details
Ingredients:
INGREDIENTS: Wheat Flour [Wheat Flour, Thiamin, Folic Acid], Mixed Fruit (27%) [Currants, Sultanas, Raisins, Sunflower Oil, Cotton Seed Oil, Rapeseed Oil], Water, Sugar, Yeast [Water, Yeast], Canola Oil, Gluten (Wheat), Mixed Spice Melange [Cassia, Coriander, Nutmeg, Cloves, Ginger, Pepper, Cinnamon, Cardamom], Invert Syrup [Sugar, Water], Crossing Mix [Wheat Starch, Wheat Flour, Canola Oil, Palm Oil, Vegetable Emulsifier (471), Thickener (415), Salt], Iodised Salt, Bun Glaze [Water, Sunflower Oil, Protein (Potato), Pea Protein, Dextrose, Maltodextrin, Wheat Starch], Emulsifier (471, 472e), Acidity Regulator (260, 262), Soy (322), Mineral Salt (Calcium Carbonate), Soy Flour, Contains Wheat (Enzyme), Enzyme Blend [516, Enzyme], Soy Lecithin (322), Calcium Phosphate (341), Ascorbic Acid (300), Enzyme.
Allergen:
May Contain Pine, May Contain Walnut, May Contain EGG, May Contain MILK, Contains SOY, Contains SULPHITES, May Contain Macadamia Nuts, May Contain Cashew, May Contain SESAME, May Contain Hazelnuts, May Contain Brazil Nuts, May Contain Lupin, May Contain Almonds, May Contain PEANUTS, Contains Gluten, May Contain Pistachios, Contains Wheat, May Contain Pecan
Servings Per Pack:
6.0
Storage Instructions:
Store in a cool, dry place, out of direct sunlight
Code: 7474262P
7 4 7 4 2 6 2 P
Customers also purchased
Coles Hot Cross Buns Fruit Free 6 pack while stocks last product
Coles Hot Cross Buns Fruit Free
6 pack while stocks last product
$4.00
6 pack $0.67 per 1Ea
Unit Price
Add
1
for $4.00

Coles Hot Cross Buns Chocolate 6 pack while stocks last product
Coles Hot Cross Buns Chocolate
6 pack while stocks last product
$4.00
6 pack $0.67 per 1Ea
Unit Price
Add
1
for $4.00

Coles Hot Cross Buns Apple And Cinnamon 6 pack while stocks last product
Coles Hot Cross Buns Apple And Cinnamon
6 pack while stocks last product
$4.00
6 pack $0.67 per 1Ea
Unit Price
Add
1
for $4.00

Coles Gluten Free Hot Cross Bun 3 pack while stocks last product
Coles Gluten Free Hot Cross Bun
3 pack while stocks last product
$4.00
3 pack $1.33 per 1Ea
Unit Price
Add
1
for $4.00"	['/wcsstore/Coles-CAS/images/7/4/7/7474262-th.jpg', '/wcsstore/Coles-CAS/images/7/4/7/7474262_L-th.jpg', '/wcsstore/Coles-CAS/images/7/4/7/7474262_R-th.jpg', '/wcsstore/Coles-CAS/images/7/4/7/7474262_B-th.jpg']
Coles	Hot Cross Buns Traditional Fruit Mini	$ 4 .00	9 pack	$0.44 per 1Ea	"Nutrition Facts
Serving size: 1 serving = Approx. 43g (1 bun)
Qty
Quantity
per serving Qty
Quantity
per 100g / 100ml %
Percentage
daily intake*
Energy 499 1160 6
Energy Cal 119.35 277.56 0
Protein 3.53 8.20 7
Total Fat 1.94 4.50 3
Saturated Fat 0.26 0.60 1
Trans 0.04 0.09 0
Carbohydrate 20.94 48.70 7
Sugars 8.99 20.90 10
Dietary Fibre Total 1.42 3.30 5
Sodium 61.92 144.00 3
*Percentage Daily Intake per serving. Percentage Daily Intakes are based on an average adult diet of 8700 kJ. Your daily intakes may be higher or lower depending on your energy needs.
Disclaimer:
Product details, including nutritional information and country of origin, may change from time to time and so the product you receive in your order may not reflect the information on this page. Please check the packaging on any product you purchase and if it's not what you expected, feel free to return it for a full refund.
Details
Ingredients:
INGREDIENTS: Wheat Flour, Fruit (28%) [Currants, Sultanas, Raisins, Sunflower Oil], Water, Crossing Paste [Water, Wheat Starch, Wheat Flour, Vegetable Oils (Palm**, Canola), Vegetable Emulsifier (471 Palm**), Thickener (415), Salt], Sugar, Canola Oil, Yeast, Wheat Gluten, Spices, Glaze [Water, Vegetable Protein, Sunflower Oil, Dextrose, Maltodextrin, Starch], Iodised Salt, Emulsifiers (322 Soy), 471 Palm**), Acidity Regulators (260, 262), Vitamins (Thiamin, Folic Acid).
Allergen:
May Contain SULPHITES, May Contain EGG, May Contain MILK, Contains SOY, May Contain SESAME, Contains CEREALS CONTAINING GLUTEN, May Contain PEANUTS, Contains Wheat, May Contain TREE NUTS
Servings Per Pack:
9.0
Code: 8930946P
8 9 3 0 9 4 6 P"	['/wcsstore/Coles-CAS/images/8/9/3/8930946-th.jpg', '/wcsstore/Coles-CAS/images/8/9/3/8930946_L-th.jpg', '/wcsstore/Coles-CAS/images/8/9/3/8930946_R-th.jpg', '/wcsstore/Coles-CAS/images/8/9/3/8930946_B-th.jpg']
Coles	Vegemite And Cheese Hot Cross Buns	$ 5 .00	4 pack	$1.25 per 1Ea	"Nutrition Facts
Serving size: 1 serving = Approx. 80g (1 Bun)
Qty
Quantity
per serving Qty
Quantity
per 100g / 100ml %
Percentage
daily intake*
Energy 1010 1260 12
Energy Cal 241 302
Not provided
Protein 10.6 13.2 21
Total Fat 7.4 9.3 11
Saturated Fat 4.4 5.5 18
Trans LESS THAN 0.1g LESS THAN 0.1g
Not provided
Carbohydrate 31.4 39.3 10
Sugars 6.72 8.40 7
Dietary Fibre Total 2.40 3.00 8
Sodium 534 667 23
*Percentage Daily Intake per serving. Percentage Daily Intakes are based on an average adult diet of 8700 kJ. Your daily intakes may be higher or lower depending on your energy needs.
Disclaimer:
Product details, including nutritional information and country of origin, may change from time to time and so the product you receive in your order may not reflect the information on this page. Please check the packaging on any product you purchase and if it's not what you expected, feel free to return it for a full refund.
Details
Ingredients:
INGREDIENTS: Bun [Wheat Flour (Vitamins (Thiamin, Folic Acid)), Water, Cheese (5%) (Tasty and Parmesan Cheese (Pasteurised Milk, Salt, Cultures, Non-Animal Rennet), Whey Powder (Milk), Tapioca Starch, Preservative (200)), Vegemite (4%) (Yeast Extract (Barley and Wheat), Salt, Mineral Salt (508), Malt Extract (Barley), Colour (150c), Flavours, Niacin, Thiamine, Riboflavin, Folate), Sugar, Vegetable Oils Blend (Vegetable Oils (Palm**, Canola), Emulsifiers (471, 477 from Palm**, 322 (Soy)), Natural Colour (160a), Antioxidant (307b)), Egg Powder, Wheat Gluten, Butter Oil (Milk), Iodised Salt, Milk Solids, Yeast, Inactive Dried Yeast, Malted Wheat Flour, Natural Flavouring], Topping (5%) [Tasty Cheese (Pasteurised Milk, Salt, Cultures, Non-Animal Rennet), Tapioca Starch, Preservative (200)], Crossing [Water, Wheat Starch, Wheat Flour, Vegetable Oils (Palm**, Canola), Vegemite (0.1%) (Gluten), Vegetable Emulsifier (471 from Palm**), Colour (150c), Thickener (415), Salt], Glaze.
Allergen:
CONTAINS SOY, CONTAINS Gluten, CONTAINS MILK, CONTAINS EGG, MAY CONTAIN PEANUTS, MAY CONTAIN SESAME, CONTAINS Wheat
Servings Per Pack:
4.0
Storage Instructions:
Store in a cool, dry placernPreviously frozen, not suitable for freezing
Preparation Instructions:
Microwave:rnMicrowave: 20 secsNote: Heating temperature and times are provided as guide only. Microwaves will vary between brands.Caution: Product will be hot. Take care when handling.rnrn
Code: 4813656P
4 8 1 3 6 5 6 P
Customers also purchased
Sonoma Baking Indulgent Dark Chocolate Hot Cross Buns 4pack
Sonoma Baking Indulgent Dark Chocolate Hot Cross Buns 4pack
$5.50
$5.50 per 1Ea
Unit Price
Add
1
for $5.50

Coles Hot Cross Buns Premium Fruit 4 pack while stocks last product
Coles Hot Cross Buns Premium Fruit
4 pack while stocks last product
$5.00
4 pack $1.25 per 1Ea
Unit Price
Add
1
for $5.00

Coles Hot Cross Buns Special Burger Sauce 4 pack while stocks last product
Coles Hot Cross Buns Special Burger Sauce
4 pack while stocks last product
$5.00
4 pack $1.25 per 1Ea
Unit Price
Add
1
for $5.00

Coles Red Velvet Filled Hot Cross Buns 4 pack on special
Coles Red Velvet Filled Hot Cross Buns
4 pack on special
$5.00
save
$1.00
4 pack $1.25 per 1Ea
Unit Price
Add
1
for $5.00"	['/wcsstore/Coles-CAS/images/4/8/1/4813656-th.jpg', '/wcsstore/Coles-CAS/images/4/8/1/4813656_L-th.jpg', '/wcsstore/Coles-CAS/images/4/8/1/4813656_B-th.jpg']
Coles	Gluten Free Chocolate Hot Cross Buns	$ 4 .00	3 pack	$1.33 per 1Ea	"Disclaimer:
Product details, including nutritional information and country of origin, may change from time to time and so the product you receive in your order may not reflect the information on this page. Please check the packaging on any product you purchase and if it's not what you expected, feel free to return it for a full refund.
Details
Allergen:
Contains SOY, Contains EGG
Code: 3378405P
3 3 7 8 4 0 5 P
Customers also purchased
Coles Hot Cross Buns Chocolate 6 pack while stocks last product
Coles Hot Cross Buns Chocolate
6 pack while stocks last product
$4.00
6 pack $0.67 per 1Ea
Unit Price
Add
1
for $4.00

Coles Gluten Free Hot Cross Bun 3 pack while stocks last product
Coles Gluten Free Hot Cross Bun
3 pack while stocks last product
$4.00
3 pack $1.33 per 1Ea
Unit Price
Add
1
for $4.00

Coles Carrot Cake Filled Hot Cross Bun 4 pack on special
Coles Carrot Cake Filled Hot Cross Bun
4 pack on special
$5.00
save
$1.00
4 pack $1.25 per 1Ea
Unit Price
Add
1
for $5.00"	['/wcsstore/Coles-CAS/images/3/3/7/3378405-th.jpg', '/wcsstore/Coles-CAS/images/3/3/7/3378405_L-th.jpg', '/wcsstore/Coles-CAS/images/3/3/7/3378405_R-th.jpg', '/wcsstore/Coles-CAS/images/3/3/7/3378405_B-th.jpg']
Coles	Hot Cross Buns Apple And Cinnamon	$ 4 .00	6 pack	$0.67 per 1Ea	"Nutrition Facts
Serving size: 1 serving = 76g per serving
Qty
Quantity
per serving Qty
Quantity
per 100g / 100ml %
Percentage
daily intake*
Energy 908.58 1195.5
Not provided
Energy Cal 217.3636364 286.0047847
Not provided
Protein 5.016 6.6
Not provided
Trans 0.076 0.1
Not provided
Carbohydrate 38.152 50.2
Not provided
Sugars 13.452 17.7
Not provided
Dietary Fibre Total 2.508 3.3
Not provided
Sodium 221.16 291
Not provided
*Percentage Daily Intake per serving. Percentage Daily Intakes are based on an average adult diet of 8700 kJ. Your daily intakes may be higher or lower depending on your energy needs.
Disclaimer:
Product details, including nutritional information and country of origin, may change from time to time and so the product you receive in your order may not reflect the information on this page. Please check the packaging on any product you purchase and if it's not what you expected, feel free to return it for a full refund.
Details
Ingredients:
INGREDIENTS: Wheat Flour [Wheat Flour, Thiamin, Folic Acid], Water, Apple Pieces (11%) [Apple Puree, 300, Cane Sugar Syrup, Sucrose (Sugar), Humectant (422), Citrus Fibre, 296, 440, Natural Flavouring], Cinnamon Flavoured Baking Chips (7%) [Sugar, Palm Oil, Coconut Oil, Milk Solids, Cinnamon, Soy Lecithin], Yeast [Water, Yeast], Sugar, Invert Syrup [Sugar, Water], Mixed Spice Melange [Cassia, Coriander, Nutmeg, Cloves, Ginger, Pepper, Cinnamon, Cardamom], Canola Oil, Crossing Mix [Wheat Starch, Wheat Flour, Canola Oil, Palm Oil, Vegetable Emulsifier (471), Thickener (415), Salt], Iodised Salt, Bun Glaze [Water, Sunflower Oil, Protein (Potato), Pea Protein, Dextrose, Maltodextrin, Wheat Starch], Acidity Regulator (260, 262), Emulsifier (471, 472e), Soy (322), Mineral Salt (Calcium Carbonate), Soy Flour, Contains Wheat (Enzyme), Enzyme Blend [516, Enzyme], Soy Lecithin (322), Calcium Phosphate (341), Ascorbic Acid (300), Enzyme.
Allergen:
May Contain Pine, May Contain Walnut, May Contain EGG, Contains SOY, Contains SULPHITES, May Contain Macadamia Nuts, May Contain Cashew, May Contain SESAME, May Contain Hazelnuts, May Contain Brazil Nuts, Contains MILK, May Contain Lupin, May Contain Almonds, May Contain PEANUTS, Contains Gluten, May Contain Pistachios, Contains Wheat, May Contain Pecan
Servings Per Pack:
6.0
Storage Instructions:
Store in a cool, dry place, out of direct sunlight
Code: 2151801P
2 1 5 1 8 0 1 P
Customers also purchased
Coles Hot Cross Buns Traditional Fruit 6 pack while stocks last product
Coles Hot Cross Buns Traditional Fruit
6 pack while stocks last product
$4.00
6 pack $0.67 per 1Ea
Unit Price
Add
1
for $4.00

Coles Hot Cross Buns Fruit Free 6 pack while stocks last product
Coles Hot Cross Buns Fruit Free
6 pack while stocks last product
$4.00
6 pack $0.67 per 1Ea
Unit Price
Add
1
for $4.00

Coles Hot Cross Buns Chocolate 6 pack while stocks last product
Coles Hot Cross Buns Chocolate
6 pack while stocks last product
$4.00
6 pack $0.67 per 1Ea
Unit Price
Add
1
for $4.00

Coles Carrot Cake Filled Hot Cross Bun 4 pack on special
Coles Carrot Cake Filled Hot Cross Bun
4 pack on special
$5.00
save
$1.00
4 pack $1.25 per 1Ea
Unit Price
Add
1
for $5.00"	['/wcsstore/Coles-CAS/images/2/1/5/2151801-th.jpg', '/wcsstore/Coles-CAS/images/2/1/5/2151801_L-th.jpg', '/wcsstore/Coles-CAS/images/2/1/5/2151801_R-th.jpg', '/wcsstore/Coles-CAS/images/2/1/5/2151801_B-th.jpg']
Coles	Hot Cross Buns Fruit Free	$ 4 .00	6 pack	$0.67 per 1Ea	"Nutrition Facts
Serving size: 1 serving = 67g per serving
Qty
Quantity
per serving Qty
Quantity
per 100g / 100ml %
Percentage
daily intake*
Energy 728.759 1087.7
Not provided
Energy Cal 174.3442584 260.215311
Not provided
Protein 5.293 7.9
Not provided
Trans 0.0603 0.09
Not provided
Carbohydrate 32.026 47.8
Not provided
Sugars 5.896 8.8
Not provided
Dietary Fibre Total 1.876 2.8
Not provided
Sodium 255.27 381
Not provided
*Percentage Daily Intake per serving. Percentage Daily Intakes are based on an average adult diet of 8700 kJ. Your daily intakes may be higher or lower depending on your energy needs.
Disclaimer:
Product details, including nutritional information and country of origin, may change from time to time and so the product you receive in your order may not reflect the information on this page. Please check the packaging on any product you purchase and if it's not what you expected, feel free to return it for a full refund.
Details
Ingredients:
INGREDIENTS: Wheat Flour [Wheat Flour, Thiamin, Folic Acid], Water, Sugar, Yeast [Water, Yeast], Invert Syrup [Sugar, Water], Mixed Spice Melange [Cassia, Coriander, Nutmeg, Cloves, Ginger, Pepper, Cinnamon, Cardamom], Canola Oil, Crossing Mix [Wheat Starch, Wheat Flour, Canola Oil, Palm Oil, Vegetable Emulsifier (471), Thickener (415), Salt], Iodised Salt, Bun Glaze [Water, Sunflower Oil, Protein (Potato), Pea Protein, Dextrose, Maltodextrin, Wheat Starch], Acidity Regulator (260, 262), Emulsifier (471, 472e), Soy (322), Mineral Salt (Calcium Carbonate), Soy Flour, Contains Wheat (Enzyme), Enzyme Blend [516, Enzyme], Soy Lecithin (322), Calcium Phosphate (341), Ascorbic Acid (300), Enzyme.
Allergen:
May Contain Pine, May Contain Walnut, May Contain EGG, May Contain MILK, Contains SOY, Contains SULPHITES, May Contain Macadamia Nuts, May Contain Cashew, May Contain SESAME, May Contain Hazelnuts, May Contain Brazil Nuts, May Contain Lupin, May Contain Almonds, May Contain PEANUTS, Contains Gluten, May Contain Pistachios, Contains Wheat, May Contain Pecan
Servings Per Pack:
6.0
Storage Instructions:
Store in a cool, dry place, out of direct sunlight
Code: 7474230P
7 4 7 4 2 3 0 P
Customers also purchased
Coles Hot Cross Buns Traditional Fruit 6 pack while stocks last product
Coles Hot Cross Buns Traditional Fruit
6 pack while stocks last product
$4.00
6 pack $0.67 per 1Ea
Unit Price
Add
1
for $4.00

Coles Hot Cross Buns Chocolate 6 pack while stocks last product
Coles Hot Cross Buns Chocolate
6 pack while stocks last product
$4.00
6 pack $0.67 per 1Ea
Unit Price
Add
1
for $4.00

Coles Hot Cross Buns Apple And Cinnamon 6 pack while stocks last product
Coles Hot Cross Buns Apple And Cinnamon
6 pack while stocks last product
$4.00
6 pack $0.67 per 1Ea
Unit Price
Add
1
for $4.00

Coles Red Velvet Filled Hot Cross Buns 4 pack on special
Coles Red Velvet Filled Hot Cross Buns
4 pack on special
$5.00
save
$1.00
4 pack $1.25 per 1Ea
Unit Price
Add
1
for $5.00"	['/wcsstore/Coles-CAS/images/7/4/7/7474230-th.jpg', '/wcsstore/Coles-CAS/images/7/4/7/7474230_L-th.jpg', '/wcsstore/Coles-CAS/images/7/4/7/7474230_R-th.jpg', '/wcsstore/Coles-CAS/images/7/4/7/7474230_B-th.jpg']
Coles	Hot Cross Buns Chocolate	$ 4 .00	6 pack	$0.67 per 1Ea	"Nutrition Facts
Serving size: 1 serving = 76g per serving
Qty
Quantity
per serving Qty
Quantity
per 100g / 100ml %
Percentage
daily intake*
Energy 1003.352 1320.2
Not provided
Energy Cal 240.0363636 315.8373206
Not provided
Protein 6.004 7.9
Not provided
Trans 0.0684 0.09
Not provided
Carbohydrate 34.504 45.4
Not provided
Sugars 14.82 19.5
Not provided
Dietary Fibre Total 2.432 3.2
Not provided
Sodium 221.16 291
Not provided
*Percentage Daily Intake per serving. Percentage Daily Intakes are based on an average adult diet of 8700 kJ. Your daily intakes may be higher or lower depending on your energy needs.
Disclaimer:
Product details, including nutritional information and country of origin, may change from time to time and so the product you receive in your order may not reflect the information on this page. Please check the packaging on any product you purchase and if it's not what you expected, feel free to return it for a full refund.
Details
Ingredients:
INGREDIENTS: Wheat Flour [Wheat Flour, Thiamin, Folic Acid], Chocolate Chips (25%) [Sugar, Solids (Cocoa), Milk Solids, Emulsifier (322), Natural Vanilla Flavouring], Water, Yeast [Water, Yeast], Sugar, Cocoa Powder, Canola Oil, Crossing Mix [Wheat Starch, Wheat Flour, Canola Oil, Palm Oil, Vegetable Emulsifier (471), Thickener (415), Salt], Gluten (Wheat), Iodised Salt, Bun Glaze [Water, Sunflower Oil, Protein (Potato), Pea Protein, Dextrose, Maltodextrin, Wheat Starch], Dark Compound Filling [Sugar, Palm Fat, Cocoa Powder, Emulsifier (322), Natural Vanilla Flavouring], Acidity Regulator (260, 262), Emulsifier (471, 472e), Soy (322), Enzyme Blend [516, Enzyme], Soy Lecithin (322), Calcium Phosphate (341), Ascorbic Acid (300), Enzyme.
Allergen:
May Contain Pine, May Contain Walnut, May Contain SULPHITES, May Contain EGG, Contains SOY, May Contain Macadamia Nuts, May Contain Cashew, May Contain SESAME, May Contain Hazelnuts, May Contain Brazil Nuts, Contains MILK, May Contain Lupin, May Contain Almonds, May Contain PEANUTS, Contains Gluten, May Contain Pistachios, Contains Wheat, May Contain Pecan
Servings Per Pack:
6.0
Storage Instructions:
Store in a cool, dry place, out of direct sunlight
Code: 7474295P
7 4 7 4 2 9 5 P
Customers also purchased
Coles Hot Cross Buns Traditional Fruit 6 pack while stocks last product
Coles Hot Cross Buns Traditional Fruit
6 pack while stocks last product
$4.00
6 pack $0.67 per 1Ea
Unit Price
Add
1
for $4.00

Coles Hot Cross Buns Fruit Free 6 pack while stocks last product
Coles Hot Cross Buns Fruit Free
6 pack while stocks last product
$4.00
6 pack $0.67 per 1Ea
Unit Price
Add
1
for $4.00

Coles Hot Cross Buns Apple And Cinnamon 6 pack while stocks last product
Coles Hot Cross Buns Apple And Cinnamon
6 pack while stocks last product
$4.00
6 pack $0.67 per 1Ea
Unit Price
Add
1
for $4.00

Coles Gluten Free Hot Cross Bun 3 pack while stocks last product
Coles Gluten Free Hot Cross Bun
3 pack while stocks last product
$4.00
3 pack $1.33 per 1Ea
Unit Price
Add
1
for $4.00"	['/wcsstore/Coles-CAS/images/7/4/7/7474295-th.jpg', '/wcsstore/Coles-CAS/images/7/4/7/7474295_L-th.jpg', '/wcsstore/Coles-CAS/images/7/4/7/7474295_R-th.jpg', '/wcsstore/Coles-CAS/images/7/4/7/7474295_B-th.jpg']
Coles	Hot Cross Buns Premium Fruit	$ 5 .00	4 pack	$1.25 per 1Ea	"Nutrition Facts
Serving size: 1 serving = Approx. 80g (1 bun)
Qty
Quantity
per serving Qty
Quantity
per 100g / 100ml %
Percentage
daily intake*
Energy 874 1090 10
Energy Cal 209 261
Not provided
Protein 6.7 8.4 13
Total Fat LESS THAN 1g LESS THAN 1g 1
Saturated Fat LESS THAN 1g LESS THAN 1g 1
Trans LESS THAN 0.1g LESS THAN 0.1g
Not provided
Carbohydrate 42.4 53.0 14
Sodium 176 220 8
*Percentage Daily Intake per serving. Percentage Daily Intakes are based on an average adult diet of 8700 kJ. Your daily intakes may be higher or lower depending on your energy needs.
Disclaimer:
Product details, including nutritional information and country of origin, may change from time to time and so the product you receive in your order may not reflect the information on this page. Please check the packaging on any product you purchase and if it's not what you expected, feel free to return it for a full refund.
Details
Ingredients:
INGREDIENTS: Wheat Flour, Mixed Fruits (30%) [Currants, Sultanas, Raisins, Cranberries (Cranberries, Sugar, Sunflower Oil), Candied Orange Peel (Orange Peel (Sulphites), Glucose Syrup, Sugar, Acidity Regulator (330), Vegetable Oils], Water, Sugar, Wheat Gluten, Egg Powder, Yeast, Canola Oil, Milk Fat, Skim Milk Powder, Thickeners (1412, 415), Vinegar, Iodised Salt, Wheat Starch, Mixed Spices, Soy Flour, Emulsifiers (471, 481, 475), Pea Protein, Natural Butter Flavour, Glucose Syrup, Rice Flour, Sunflower Oil, Dextrose, Maltodextrin, Natural Colour (160a), Vitamins (Thiamin, Folic Acid).
Allergen:
Contains SOY, May Contain SESAME, Contains MILK, Contains EGG, May Contain Lupin, Contains Gluten, Contains Wheat, Contains Sulphites
Servings Per Pack:
4.0
Storage Instructions:
Not suitable for freezingrnStore in a cool, dry place
Code: 5726091P
5 7 2 6 0 9 1 P
Customers also purchased
Coles Vegemite And Cheese Hot Cross Buns 4 pack while stocks last product
Coles Vegemite And Cheese Hot Cross Buns
4 pack while stocks last product
$5.00
4 pack $1.25 per 1Ea
Unit Price
Add
1
for $5.00

Sonoma Baking Indulgent Dark Chocolate Hot Cross Buns 4pack
Sonoma Baking Indulgent Dark Chocolate Hot Cross Buns 4pack
$5.50
$5.50 per 1Ea
Unit Price
Add
1
for $5.50

Sonoma Baking Indulgent Fruit And Spice Hot Cross Buns 4 pack
Sonoma Baking Indulgent Fruit And Spice Hot Cross Buns 4 pack
$5.50
$5.50 per 1Ea
Unit Price
Add
1
for $5.50

Coles Hot Cross Buns Special Burger Sauce 4 pack while stocks last product
Coles Hot Cross Buns Special Burger Sauce
4 pack while stocks last product
$5.00
4 pack $1.25 per 1Ea
Unit Price
Add
1
for $5.00"	['/wcsstore/Coles-CAS/images/5/7/2/5726091-th.jpg', '/wcsstore/Coles-CAS/images/5/7/2/5726091_B-th.jpg']
Coles	Gluten Free Hot Cross Bun	$ 4 .00	3 pack	$1.33 per 1Ea	"Nutrition Facts
Serving size: 1 serving = 60
Qty
Quantity
per serving Qty
Quantity
per 100g / 100ml %
Percentage
daily intake*
Energy 646.92 1078.20
Not provided
Energy Cal 154.77 257.94
Not provided
Protein 3.24 5.40
Not provided
Total Fat 2.28 3.80
Not provided
Saturated Fat 0.48 0.80
Not provided
Carbohydrate 27.48 45.80
Not provided
Sugars 12.60 21.00
Not provided
Dietary Fibre Total 5.04 8.40
Not provided
Sodium 144.00 240.00
Not provided
Gluten 0.00 0.00
Not provided
*Percentage Daily Intake per serving. Percentage Daily Intakes are based on an average adult diet of 8700 kJ. Your daily intakes may be higher or lower depending on your energy needs.
Disclaimer:
Product details, including nutritional information and country of origin, may change from time to time and so the product you receive in your order may not reflect the information on this page. Please check the packaging on any product you purchase and if it's not what you expected, feel free to return it for a full refund.
Details
Ingredients:
INGREDIENTS: Water, Vine Fruit (20%) (Currants, Sultanas), Modified Tapioca Starch (1442), Rice Flour, Soy Flour, Sugar, Resistant Starch, Maize Starch, Vegetable Oil, Egg White Powder, Vinegar, Soy Protein, Mixed Spice, Dried Yeast, Vegetable Gums (464, 466, 412, 461), Iodised Salt, Psyllium Husk Powder, Tapioca Starch, Cinnamon, Humectant (Glycerine), Potato Starch, Preservative (Sorbic Acid).
Allergen:
Contains SOY, Contains EGG
Servings Per Pack:
3.0
Code: 2151970P
2 1 5 1 9 7 0 P
Customers also purchased
Coles Hot Cross Buns Traditional Mini Fruit 9 pack while stocks last product
Coles Hot Cross Buns Traditional Mini Fruit
9 pack while stocks last product
$4.00
9 pack $0.44 per 1Ea
Unit Price
Add
1
for $4.00

Coles Hot Cross Buns Apple And Cinnamon 6 pack while stocks last product
Coles Hot Cross Buns Apple And Cinnamon
6 pack while stocks last product
$4.00
6 pack $0.67 per 1Ea
Unit Price
Add
1
for $4.00

Coles Gluten Free Chocolate Hot Cross Buns 3 pack while stocks last product
Coles Gluten Free Chocolate Hot Cross Buns
3 pack while stocks last product
$4.00
3 pack $1.33 per 1Ea
Unit Price
Add
1
for $4.00

Coles Hot Cross Buns Premium Fruit 4 pack while stocks last product
Coles Hot Cross Buns Premium Fruit
4 pack while stocks last product
$5.00
4 pack $1.25 per 1Ea
Unit Price
Add
1
for $5.00"	['/wcsstore/Coles-CAS/images/2/1/5/2151970-th.jpg', '/wcsstore/Coles-CAS/images/2/1/5/2151970_L-th.jpg', '/wcsstore/Coles-CAS/images/2/1/5/2151970_B-th.jpg']
Coles	Red Velvet Filled Hot Cross Buns	$ 5 .00	4 pack	$1.25 per 1Ea	"Nutrition Facts
Serving size: 1 serving = Approx. 98g (1 Bun)
Qty
Quantity
per serving Qty
Quantity
per 100g / 100ml %
Percentage
daily intake*
Energy 1370 1400 16
Energy Cal 328 335
Not provided
Protein 7.9 8.1 16
Total Fat 7.7 9.3 11
Saturated Fat 2.1 2.5 9
Trans LESS THAN 0.1g LESS THAN 0.1g
Not provided
Carbohydrate 31.5 37.9 10
Sugars 18.0g 18.4g
Not provided
Dietary Fibre Total 3.0g 3.1g
Not provided
Sodium 236 241 10
*Percentage Daily Intake per serving. Percentage Daily Intakes are based on an average adult diet of 8700 kJ. Your daily intakes may be higher or lower depending on your energy needs.
Disclaimer:
Product details, including nutritional information and country of origin, may change from time to time and so the product you receive in your order may not reflect the information on this page. Please check the packaging on any product you purchase and if it's not what you expected, feel free to return it for a full refund.
Details
Ingredients:
INGREDIENTS: Bun [Wheat Flour (Vitamins (Thiamin, Folic Acid)), Water, Cocoa Powder^ (4%), Sugar, Yeast, Margarine Blend (Vegetable Oils (Canola, Coconut), Water, Butter (Butter Oil (Milk), Water, Salt), Salt, Buttermilk Powder (Milk), Emulsifier (471), Natural Flavour, Food Acid (270), Natural Colour (160a)), Canola Oil, Wheat Gluten, Emulsifiers (322 (Soy), 471 from Palm**), Acidity Regulators (260, 262), Iodised Salt, Natural Colour (162), Processing Aids (Wheat), Antioxidant (300)], Cream Cheese Filling (15%) [Sugar, Vegetable Oils (Palm**, Rapeseed), Water, Cream Cheese Powder (Milk) (8%), Humectant (420), Acidity Regulator (330), Natural Flavouring, Salt, Emulsifiers (435, 471), Preservative (202), Natural Colours (160a)], Crossing [Water, Wheat Starch, Wheat Flour, Vegetable Oils (Palm**, Canola), Vegetable Emulsifier (471 from Palm**), Thickener (415), Salt], Glaze [Water, Vegetable Protein, Sunflower Oil, Dextrose, Maltodextrin, Maize Starch].
Allergen:
Contains SOY, Contains MILK, Contains Gluten, Contains Wheat
Servings Per Pack:
4.0
Storage Instructions:
Store in a cool, dry placernPreviously frozen, not suitable for freezing
Code: 5798332P
5 7 9 8 3 3 2 P
Customers also purchased
Sonoma Baking Indulgent Dark Chocolate Hot Cross Buns 4pack
Sonoma Baking Indulgent Dark Chocolate Hot Cross Buns 4pack
$5.50
$5.50 per 1Ea
Unit Price
Add
1
for $5.50

Sonoma Baking Indulgent Fruit And Spice Hot Cross Buns 4 pack
Sonoma Baking Indulgent Fruit And Spice Hot Cross Buns 4 pack
$5.50
$5.50 per 1Ea
Unit Price
Add
1
for $5.50

Coles Hot Cross Buns Special Burger Sauce 4 pack while stocks last product
Coles Hot Cross Buns Special Burger Sauce
4 pack while stocks last product
$5.00
4 pack $1.25 per 1Ea
Unit Price
Add
1
for $5.00

Coles Carrot Cake Filled Hot Cross Bun 4 pack on special
Coles Carrot Cake Filled Hot Cross Bun
4 pack on special
$5.00
save
$1.00
4 pack $1.25 per 1Ea
Unit Price
Add
1
for $5.00"	[]
Coles	Hot Cross Buns Special Burger Sauce	$ 5 .00	4 pack	$1.25 per 1Ea	"Nutrition Facts
Serving size: 1 serving = Approx. 80g (1 Bun)
Qty
Quantity
per serving Qty
Quantity
per 100g / 100ml %
Percentage
daily intake*
Energy 948 1180 11
Energy Cal 227 283
Not provided
Protein 9.0 11.3 18
Total Fat 7.0 8.7 10
Saturated Fat 2.6 3.3 11
Trans LESS THAN 0.1g LESS THAN 0.1g
Not provided
Carbohydrate 30.4 38.0 10
Sodium 395 494 17
*Percentage Daily Intake per serving. Percentage Daily Intakes are based on an average adult diet of 8700 kJ. Your daily intakes may be higher or lower depending on your energy needs.
Disclaimer:
Product details, including nutritional information and country of origin, may change from time to time and so the product you receive in your order may not reflect the information on this page. Please check the packaging on any product you purchase and if it's not what you expected, feel free to return it for a full refund.
Details
Ingredients:
INGREDIENTS: Bun [Wheat Flour (Vitamins (Thiamin, Folic Acid)), Water, Diced Gherkin (5%) (Gherkin, Acetic Acid, Salt), Gherkin Spread (3%) (Gherkins, Sugar, Water, Acetic Acid, Thickener (1412), Spices, Salt), Cheese (3%) (Tasty and Parmesan Cheese (Pasteurised Milk, Salt, Cultures, Non-Animal Rennet), Whey Powder (Milk), Tapioca Starch, Preservative (200)), Seasoning (Contains Milk, Anticaking Agent (551)), Margarine Blend (Vegetable Oils (Canola, Coconut), Water, Butter (Butter Oil (Milk), Water, Salt), Salt, Buttermilk Powder (Milk), Emulsifier (471), Natural Flavour, Food Acid (270), Natural Colour (160a)), Yeast, Wheat Gluten, Sugar, Canola Oil, Onion Powder, Mustard Flour, Tomato Powder, Iodised Salt, Emulsifiers (322 (Soy), 471 from Palm**), Acidity Regulators (260, 262), Processing Aids (Wheat)], Topping (5%) [Tasty Cheese (Pasteurised Milk, Salt, Cultures, Non-Animal Rennet), Tapioca Starch, Preservative (200)], Crossing [Water, Wheat Starch, Wheat Flour, Vegetable Oils (Palm**, Canola), Vegetable Emulsifier (471 from Palm**), Thickener (415), Salt], Glaze [Water, Vegetable Protein, Sunflower Oil, Dextrose, Maltodextrin, Maize Starch].
Allergen:
May Contain EGG, Contains SOY, Contains PEANUTS, May Contain Hazelnuts, Contains SESAME, May Contain Almonds, Contains Gluten, Contains Wheat, Contains Milk, May Contain Pecan
Servings Per Pack:
4.0
Storage Instructions:
Store in a cool, dry placernPreviously frozen, not suitable for freezing
Preparation Instructions:
Microwave:rnNote: Microwave temperature and times are provided as guide only. Microwaves will vary between brands.Caution: Product will be hot. Take care when handling.rnrn
Code: 5798310P
5 7 9 8 3 1 0 P
Customers also purchased
Coles Vegemite And Cheese Hot Cross Buns 4 pack while stocks last product
Coles Vegemite And Cheese Hot Cross Buns
4 pack while stocks last product
$5.00
4 pack $1.25 per 1Ea
Unit Price
Add
1
for $5.00

Sonoma Baking Indulgent Dark Chocolate Hot Cross Buns 4pack
Sonoma Baking Indulgent Dark Chocolate Hot Cross Buns 4pack
$5.50
$5.50 per 1Ea
Unit Price
Add
1
for $5.50

Coles Red Velvet Filled Hot Cross Buns 4 pack on special
Coles Red Velvet Filled Hot Cross Buns
4 pack on special
$5.00
save
$1.00
4 pack $1.25 per 1Ea
Unit Price
Add
1
for $5.00

Coles Carrot Cake Filled Hot Cross Bun 4 pack on special
Coles Carrot Cake Filled Hot Cross Bun
4 pack on special
$5.00
save
$1.00
4 pack $1.25 per 1Ea
Unit Price
Add
1
for $5.00"	['/wcsstore/Coles-CAS/images/5/7/9/5798310-th.jpg', '/wcsstore/Coles-CAS/images/5/7/9/5798310_B-th.jpg']
Coles	Carrot Cake Filled Hot Cross Bun	$ 5 .00	4 pack	$1.25 per 1Ea	"Nutrition Facts
Serving size: 1 serving = Approx. 98g (1 Bun)
Qty
Quantity
per serving Qty
Quantity
per 100g / 100ml %
Percentage
daily intake*
Energy 1270 1300 15
Energy Cal 228 274
Not provided
Protein 7.1 8.6 14
Total Fat 11.1 11.3 16
Saturated Fat 3.6 3.7 15
Trans LESS THAN 0.1g LESS THAN 0.1g
Not provided
Carbohydrate 32.3 38.9 10
Sugars 16.1g 16.4g
Not provided
Dietary Fibre Total 3.9g 4.0g
Not provided
Sodium 208 250 9
*Percentage Daily Intake per serving. Percentage Daily Intakes are based on an average adult diet of 8700 kJ. Your daily intakes may be higher or lower depending on your energy needs.
Disclaimer:
Product details, including nutritional information and country of origin, may change from time to time and so the product you receive in your order may not reflect the information on this page. Please check the packaging on any product you purchase and if it's not what you expected, feel free to return it for a full refund.
Details
Ingredients:
INGREDIENTS: Bun [Wheat Flour (Vitamins (Thiamin, Folic Acid)), Rehydrated Carrot (22%), Water, Canola Oil, Brown Sugar, Yeast, Sugar, Margarine Blend (Vegetable Oils (Canola, Coconut), Water, Butter (Butter Oil (Milk), Water, Salt), Salt, Buttermilk Powder (Milk), Emulsifier (471), Natural Flavour, Food Acid (270), Natural Colour (160a)), Wheat Gluten, Spices, Burnt Sugar, Emulsifiers [(322 (Soy), 471 from Palm**), Acidity Regulators (260, 262)], Natural Flavouring Blend (Natural Colour (161b)), Iodised Salt, Processing Aids (Wheat), Dark Malt Flour (Barley)], Cream Cheese Filling (15%) [Sugar, Vegetable Oils (Palm**, Rapeseed), Water, Cream Cheese Powder (Milk) (8%), Humectant (420), Acidity Regulator (330), Natural Flavouring, Salt, Emulsifiers (435, 471), Preservative (202), Natural Colours (160a)], Crossing [Water, Wheat Starch, Wheat Flour, Vegetable Oils (Palm**, Canola), Vegetable Emulsifier (471 from Palm**), Thickener (415 (Soy)), Salt], Glaze [Water, Vegetable Protein, Sunflower Oil, Dextrose, Maltodextrin, Maize Starch].
Allergen:
May Contain Pine, May Contain Walnut, May Contain EGG, May Contain Sulphites, Contains SOY, May Contain Macadamia Nuts, May Contain Cashew, May Contain Hazelnuts, May Contain Brazil Nuts, Contains MILK, May Contain Sesame, May Contain Lupin, May Contain Almonds, May Contain PEANUTS, Contains Gluten, May Contain Pistachios, Contains Wheat, May Contain Pecan
Servings Per Pack:
4.0
Storage Instructions:
Store in a cool, dry placernPreviously frozen, not suitable for freezing
Code: 5798321P
5 7 9 8 3 2 1 P
Customers also purchased
Sonoma Baking Indulgent Dark Chocolate Hot Cross Buns 4pack
Sonoma Baking Indulgent Dark Chocolate Hot Cross Buns 4pack
$5.50
$5.50 per 1Ea
Unit Price
Add
1
for $5.50

Sonoma Baking Indulgent Fruit And Spice Hot Cross Buns 4 pack
Sonoma Baking Indulgent Fruit And Spice Hot Cross Buns 4 pack
$5.50
$5.50 per 1Ea
Unit Price
Add
1
for $5.50

Coles Hot Cross Buns Special Burger Sauce 4 pack while stocks last product
Coles Hot Cross Buns Special Burger Sauce
4 pack while stocks last product
$5.00
4 pack $1.25 per 1Ea
Unit Price
Add
1
for $5.00

Coles Red Velvet Filled Hot Cross Buns 4 pack on special
Coles Red Velvet Filled Hot Cross Buns
4 pack on special
$5.00
save
$1.00
4 pack $1.25 per 1Ea
Unit Price
Add
1
for $5.00"	[]
Cadbury	Dairy Milk Easter Bunny	$ 5 .00	80g	$6.25 per 100G	"Nutrition Facts
Serving size: 1 serving = 25g
Qty
Quantity
per serving Qty
Quantity
per 100g / 100ml %
Percentage
daily intake*
Energy 568 kJ 2270 kJ 0
Energy Cal 0 0 0
Protein 1.9 g 7.7 g 0
Total Fat 7.9 g 31.5 g 0
Saturated Fat 4.9 g 19.7 g 0
Trans 0 0 0
Polyunsaturated 0 0 0
Mono Unsaturated 0 0 0
Carbohydrate 14 g 56.1 g 0
Sugars 13.7 g 54.8 g 0
Dietary Fibre Total 0 0 0
Sodium 20 mg 81 mg 0
*Percentage Daily Intake per serving. Percentage Daily Intakes are based on an average adult diet of 8700 kJ. Your daily intakes may be higher or lower depending on your energy needs.
Disclaimer:
Product details, including nutritional information and country of origin, may change from time to time and so the product you receive in your order may not reflect the information on this page. Please check the packaging on any product you purchase and if it's not what you expected, feel free to return it for a full refund.
Details
Ingredients:
INGREDIENTS: FULL CREAM MILK, SUGAR, COCOA BUTTER, COCOA MASS, MILK SOLIDS, EMULSIFIERS (SOY LECITHIN, 476), FLAVOURS.
Contains:
MILK CHOCOLATE CONTAINS COCOA SOLIDS 28%, MILK SOLIDS MINIMUM 24%.
Allergen:
May Be Present Tree Nuts, May Be Present Peanuts, Contains Soy, Contains Milk
Servings Per Pack:
3.2
Storage Instructions:
PLEASE STORE IN COOL, DRY CONDITIONS.
Size:
80g
Code: 2151620P
2 1 5 1 6 2 0 P
Customers also purchased
Cadbury Marshmallow Easter Egg 35g everyday product
Cadbury Marshmallow Easter Egg
35g everyday product
$1.00
35g $2.86 per 100G
Unit Price
Add
1
for $1.00

Red Tulip Easter Rabbit 110g on special
Red Tulip Easter Rabbit
110g on special
buy 2 for $7.50
2 for
$ 7 .50
regular price
$5.00 ea
each
110g $4.55 per 100G
Unit Price
Add
2
for $7.50

Cadbury Easter Bunny 150g on special
Cadbury Easter Bunny
150g on special
$5.00
save
$1.70
150g $3.33 per 100G
Unit Price
Add
1
for $5.00

Easter Mini Milk Bunnies Or Chicks 100g while stocks last product
Easter Mini Milk Bunnies Or Chicks
100g while stocks last product
$4.00
100g $4.00 per 100G
Unit Price
Add
1
for $4.00"	['/wcsstore/Coles-CAS/images/2/1/5/2151620-th.jpg', '/wcsstore/Coles-CAS/images/2/1/5/2151620_L-th.jpg', '/wcsstore/Coles-CAS/images/2/1/5/2151620_R-th.jpg', '/wcsstore/Coles-CAS/images/2/1/5/2151620_B-th.jpg']
Cadbury	Easter Bunny	$ 5 .00	150g	$3.33 per 100G	"Nutrition Facts
Serving size: 1 serving = 25g
Qty
Quantity
per serving Qty
Quantity
per 100g / 100ml %
Percentage
daily intake*
Energy 568 kJ 2270 kJ 0
Energy Cal 0 0 0
Protein 1.9 g 7.7 g 0
Total Fat 7.9 g 31.5 g 0
Saturated Fat 4.9 g 19.7 g 0
Trans 0 0 0
Polyunsaturated 0 0 0
Mono Unsaturated 0 0 0
Carbohydrate 14 g 56.1 g 0
Sugars 13.7 g 54.8 g 0
Dietary Fibre Total 0 0 0
Sodium 20 mg 81 mg 0
*Percentage Daily Intake per serving. Percentage Daily Intakes are based on an average adult diet of 8700 kJ. Your daily intakes may be higher or lower depending on your energy needs.
Disclaimer:
Product details, including nutritional information and country of origin, may change from time to time and so the product you receive in your order may not reflect the information on this page. Please check the packaging on any product you purchase and if it's not what you expected, feel free to return it for a full refund.
Details
Country of Origin:
Made in Australia from Imported and Local Ingredients
Ingredients:
INGREDIENTS: FULL CREAM MILK, SUGAR, COCOA BUTTER, COCOA MASS, MILK SOLIDS, EMULSIFIERS (SOY LECITHIN, 476), FLAVOURS.
Contains:
MILK CHOCOLATE CONTAINS COCOA SOLIDS 28%, MILK SOLIDS MINIMUM 24%.
Allergen:
May Be Present Tree Nuts, May Be Present Peanuts, Contains Soy, Contains Milk
Servings Per Pack:
6.0
Storage Instructions:
PLEASE STORE IN COOL, DRY CONDITIONS.
Size:
150g
Code: 1113465P
1 1 1 3 4 6 5 P
Customers also purchased
Cadbury Dairy Milk Easter Bunny 250g on special
Cadbury Dairy Milk Easter Bunny
250g on special
$7.50
save
$2.50
250g $3.00 per 100G
Unit Price
Add
1
for $7.50

Lindt Bunny Flower Milk 100g on special
Lindt Bunny Flower Milk
100g on special
$6.30
save
$1.70
100g $6.30 per 100G
Unit Price
Add
1
for $6.30

Red Tulip Easter Rabbit 200g on special
Red Tulip Easter Rabbit
200g on special
buy 2 for $10.00
2 for
$ 10
regular price
$8.00 ea
each
200g $4.00 per 100G
Unit Price
Add
2
for $10.00"	[]
Kit Kat	Bunny	$ 1 .00	29g	$3.45 per 100G	"Nutrition Facts
Serving size: 1 serving = 29g
Qty
Quantity
per serving Qty
Quantity
per 100g / 100ml %
Percentage
daily intake*
Energy 650kJ 2230kJ 7%
Protein 2.1g 7.3g 4%
Total Fat 8.8g 30.2g 13%
Saturated Fat 4.7g 16.3g 20%
Carbohydrate 16.6g 57.3g 5%
Sugars 15.4g 53.1g 17%
Sodium 29mg 100mg 1%
*Percentage Daily Intake per serving. Percentage Daily Intakes are based on an average adult diet of 8700 kJ. Your daily intakes may be higher or lower depending on your energy needs.
Disclaimer:
Product details, including nutritional information and country of origin, may change from time to time and so the product you receive in your order may not reflect the information on this page. Please check the packaging on any product you purchase and if it's not what you expected, feel free to return it for a full refund.
Details
Country of Origin:
Made in Australia
Ingredients:
Sugar, Milk Solids, Vegetable Fat [Emulsifier (Soy Lecithin)], Cocoa Butter^, Cocoa Mass^, Wheat Flour, Rice Flour, Choc Paste (Milk, Wheat, Soy), Cocoa^, Emulsifiers (Soy Lecithin, 476), Raising Agent (Sodium Bicarbonate), Salt, Flavour, Yeast, Processing Aid (Wheat). Product contains 57% Milk chocolate, 39% Choc praline filling, 2% Wafer, 2% Cereal biscuit. Milk chocolate contains minimum 22% Cocoa solids, 25% Milk solids.
Contains:
Contains Milk, Wheat, Gluten, Soy. May contain Tree Nuts.
Allergen:
May Be Present Tree Nuts, Contains Gluten, Contains Soy, Contains Wheat, Contains Milk
Servings Per Pack:
1.0
Storage Instructions:
Store Cool and Dry
Usage Instructions:
1 Bar 29g
Size:
29g
Code: 3646173P
3 6 4 6 1 7 3 P
Customers also purchased
Kinder Figure Easter 6 Pack 90g on special twenty percent off
Kinder Figure Easter 6 Pack
90g on special twenty percent off
$4.00
save
$1.00
90g $4.44 per 100G
Unit Price
Add
1
for $4.00

Cadbury Humpty Easter Eggs Carton 150g on special
Cadbury Humpty Easter Eggs Carton
150g on special
buy any 2 for $10.00
Any 2
$ 10
regular price
$7.00 ea
each
150g $4.67 per 100G
Unit Price
Any 2 for $10.00 ...

Easter Milk Chocolate Hunt Bag 251g while stocks last product
Easter Milk Chocolate Hunt Bag
251g while stocks last product
$5.50
251g $2.19 per 100G
Unit Price
Add
1
for $5.50

Cadbury 10-Pack Easter Eggs Crate 170g on special
Cadbury 10-Pack Easter Eggs Crate
170g on special
buy 2 for $12.00
2 for
$ 12
regular price
$8.00 ea
each
170g $4.71 per 100G
Unit Price
Add
2
for $12.00"	[]
Maltesers	Milk Chocolate Easter Bunny	$ 1 .00	29g	$3.45 per 100G	"Nutrition Facts
Serving size: 1 serving = 29g
Qty
Quantity
per serving Qty
Quantity
per 100g / 100ml %
Percentage
daily intake*
Energy 729 kJ 2290 kJ 8%
Energy Cal
Not provided
Not provided
8%
Protein 2.2g 7.1g 4%
Total Fat 9.9g 31.1g 14%
Saturated Fat 5.6g 17.6g 23%
Carbohydrate 18.8g 59.1g 6%
Sugars 17.9g 56.2g 20%
Sodium 51mg 160mg 2%
*Percentage Daily Intake per serving. Percentage Daily Intakes are based on an average adult diet of 8700 kJ. Your daily intakes may be higher or lower depending on your energy needs.
Disclaimer:
Product details, including nutritional information and country of origin, may change from time to time and so the product you receive in your order may not reflect the information on this page. Please check the packaging on any product you purchase and if it's not what you expected, feel free to return it for a full refund.
Details
Ingredients:
SUGAR, MILK SOLIDS, VEGETABLE FAT, COCOA BUTTER, BARLEY MALT EXTRACT, COCOA MASS,GLUCOSE SYRUP (SOURCES INCLUDE WHEAT), EMULSIFIER (SOY LECITHIN), RAISING AGENTS (501, 500, 341), FLOUR (SOURCES INCLUDE WHEAT), SALT, WHEAT GLUTEN, NATURAL FLAVOUR (VANILLA EXTRACT). MILK CHOCOLATE CONTAINS A MINIMUM OF COCOA SOLIDS AND MILK SOLIDS.MAY BE PRESENT: EGG. GUARANTEE OF SATISFACTION: YOUR MALTESERS@ BUNNY CHOCOLATE IS MADE OF THE FINEST FOOD INGREDIENTS. IT SHOULD REACH YOU FRESH AND IN EXCELLENT CONDITION.
Allergen:
Contains Barley, Contains Gluten, Contains Soy, Contains Wheat, Contains Milk
Servings Per Pack:
1.0
Size:
29g
Code: 7978878P
7 9 7 8 8 7 8 P
Customers also purchased
Easter Milk Chocolate Coins 100g while stocks last product
Easter Milk Chocolate Coins
100g while stocks last product
$2.00
100g $2.00 per 100G
Unit Price
Add
1
for $2.00

Cadbury Easter Crme Egg 40g on special
Cadbury Easter Crme Egg
40g on special
buy any 2 for $3.00
Any 2
$ 3
regular price
$2.00 ea
each
40g $5.00 per 100G
Unit Price
Any 2 for $3.00 ...

Cadbury Mini Eggs Easter Flip Top 41.5g on special
Cadbury Mini Eggs Easter Flip Top
41.5g on special
buy any 2 for $3.00
Any 2
$ 3
regular price
$2.00 ea
each
41.5g $4.82 per 100G
Unit Price
Any 2 for $3.00 ...

Cadbury Marvellous Creations Easter Bunny 33g on special
Cadbury Marvellous Creations Easter Bunny
33g on special
buy any 2 for $3.00
Any 2
$ 3
regular price
$2.00 ea
each
33g $6.06 per 100G
Unit Price
Any 2 for $3.00 ..."	['/wcsstore/Coles-CAS/images/7/9/7/7978878-th.jpg', '/wcsstore/Coles-CAS/images/7/9/7/7978878_B-th.jpg']
Maltesers	Easter Chocolate Mini Bunnies & Eggs Share Bag	$ 6 .50	220g	$2.95 per 100G	"Nutrition Facts
Serving size: 1 serving = 25g
Qty
Quantity
per serving Qty
Quantity
per 100g / 100ml %
Percentage
daily intake*
Energy 563 kJ 2270 kJ 6%
Energy Cal
Not provided
Not provided
6%
Protein 1.7 g 7.0 g 3%
Total Fat 7.4 g 29.7 g 11%
Saturated Fat 4.4 g 17.7 g 18%
Carbohydrate 15.0 g 60.3 g 5%
Sugars 14.0 g 56.5 g 16%
Sodium 32 mg 130 mg 1%
*Percentage Daily Intake per serving. Percentage Daily Intakes are based on an average adult diet of 8700 kJ. Your daily intakes may be higher or lower depending on your energy needs.
Disclaimer:
Product details, including nutritional information and country of origin, may change from time to time and so the product you receive in your order may not reflect the information on this page. Please check the packaging on any product you purchase and if it's not what you expected, feel free to return it for a full refund.
Details
Ingredients:
SUGAR, MILK SOLIDS, COCOA BUTTER, COCOA MASS, VEGETABLE FAT, BARLEY MALT EXTRACT, GLUCOSE SYRUP (SOURCES INCLUDE WHEAT), EMULSIFIER (SOY LECITHIN), FLOUR (SOURCES INCLUDE WHEAT) RAISING AGENTS (341, 501, 500), WHEAT GLUTEN, SALT, NATURAL FLAVOUR (VANILLA EXTRACT). MILK CHOCOLATE CONTAINS A MINIMUM OF 24% COCOA SOLIDS AND 25% MILK SOLIDS. MAY BE PRESENT: TREE NUTS, EGG.
Contains:
A MALTESERS MINI BUNNY CONTAINS MILK CHOCOLATE 75% AND MALT INCLUSIONS 3%. A MALTESERS MINI EGG CONTAINS MILK CHOCOLATE 92% AND MALT INCLUSIONS 8%.
Allergen:
Contains Barley, Contains Gluten, Contains Soy, Contains Wheat, Contains Milk
Servings Per Pack:
9.0
Size:
220g
Code: 3946519P
3 9 4 6 5 1 9 P"	['/wcsstore/Coles-CAS/images/3/9/4/3946519-th.jpg', '/wcsstore/Coles-CAS/images/3/9/4/3946519_B-th.jpg']
Cadbury	Dairy Milk Easter Bunny	$ 7 .50	250g	$3.00 per 100G	"Nutrition Facts
Serving size: 1 serving = 25g
Qty
Quantity
per serving Qty
Quantity
per 100g / 100ml %
Percentage
daily intake*
Energy 568 kJ 2270 kJ 0
Energy Cal 0 0 0
Protein 1.9 g 7.7 g 0
Total Fat 7.9 g 31.5 g 0
Saturated Fat 4.9 g 19.7 g 0
Trans 0 0 0
Polyunsaturated 0 0 0
Mono Unsaturated 0 0 0
Carbohydrate 14 g 56.1 g 0
Sugars 13.7 g 54.8 g 0
Dietary Fibre Total 0 0 0
Sodium 20 mg 81 mg 0
*Percentage Daily Intake per serving. Percentage Daily Intakes are based on an average adult diet of 8700 kJ. Your daily intakes may be higher or lower depending on your energy needs.
Disclaimer:
Product details, including nutritional information and country of origin, may change from time to time and so the product you receive in your order may not reflect the information on this page. Please check the packaging on any product you purchase and if it's not what you expected, feel free to return it for a full refund.
Details
Country of Origin:
Made in Australia from Imported and Local Ingredients
Ingredients:
INGREDIENTS: FULL CREAM MILK, SUGAR, COCOA BUTTER, COCOA MASS, MILK SOLIDS, EMULSIFIERS (SOY LECITHIN, 476), FLAVOURS.
Contains:
MILK CHOCOLATE CONTAINS COCOA SOLIDS 28%, MILK SOLIDS MINIMUM 24%.
Allergen:
May Be Present Tree Nuts, May Be Present Peanuts, Contains Soy, Contains Milk
Servings Per Pack:
10.0
Storage Instructions:
PLEASE STORE IN COOL, DRY CONDITIONS.
Size:
250g
Code: 5530974P
5 5 3 0 9 7 4 P"	[]
Cadbury	Crunchie Easter Bunny	$ 5 .00	170g	$2.94 per 100G	"Nutrition Facts
Serving size: 1 serving = 25g
Qty
Quantity
per serving Qty
Quantity
per 100g / 100ml %
Percentage
daily intake*
Energy 545 kJ 2180 kJ 0
Energy Cal 0 0 0
Protein 0 g 2.5 g 0
Total Fat 6.8 g 27.2 g 0
Saturated Fat 4.3 g 17.2 g 0
Trans 0 0 0
Polyunsaturated 0 0 0
Mono Unsaturated 0 0 0
Carbohydrate 16.4 g 65.4 g 0
Sugars 15.7 g 62.9 g 0
Dietary Fibre Total 0 0 0
Sodium 23 mg 91 mg 0
*Percentage Daily Intake per serving. Percentage Daily Intakes are based on an average adult diet of 8700 kJ. Your daily intakes may be higher or lower depending on your energy needs.
Disclaimer:
Product details, including nutritional information and country of origin, may change from time to time and so the product you receive in your order may not reflect the information on this page. Please check the packaging on any product you purchase and if it's not what you expected, feel free to return it for a full refund.
Details
Ingredients:
PRODUCT CONTAINS MILK CHOCOLATE (94%), CRUNCHIE PIECES (6%).INGREDIENTS: SUGAR, MILK SOLIDS, COCOA BUTTER, COCOA MASS, CRUNCHIE PIECES (SUGAR, GLUCOSE SYRUP, RAISING AGENT (500), HYDROLYSED MILK PROTEIN), EMULSIFIERS (SOY LECITHIN, 476), FLAVOURS.
Contains:
MILK CHOCOLATE CONTAINS COCOA SOLIDS 26%, MILK SOLIDS 23%.
Allergen:
May Be Present Tree Nuts, May Be Present Peanuts, May Be Present Wheat, May Be Present Gluten, Contains Soy, Contains Milk
Servings Per Pack:
6.8
Storage Instructions:
PLEASE STORE IN COOL, DRY CONDITIONS.
Size:
170g
Code: 8219883P
8 2 1 9 8 8 3 P
Customers also purchased
Lindt Bunny Gold Milk 100g on special
Lindt Bunny Gold Milk
100g on special
$6.30
save
$1.70
100g $6.30 per 100G
Unit Price
Add
1
for $6.30"	['/wcsstore/Coles-CAS/images/8/2/1/8219883-th.jpg', '/wcsstore/Coles-CAS/images/8/2/1/8219883_L-th.jpg', '/wcsstore/Coles-CAS/images/8/2/1/8219883_R-th.jpg', '/wcsstore/Coles-CAS/images/8/2/1/8219883_B-th.jpg']
Kit Kat	Chocolate Mini Pouch Bunny Share Pack	$ 2 .50	66g	$3.79 per 100G	"Nutrition Facts
Serving size: 1 serving = 11 g
Qty
Quantity
per serving Qty
Quantity
per 100g / 100ml %
Percentage
daily intake*
Energy 250 kJ 2240 kJ 3%
Protein 1 g 6.2 g 1%
Total Fat 6.9g 31.4 g 5%
Saturated Fat 1.9 g 17.3 g 8%
Carbohydrate 6.1 g 55.6 g 2%
Sugars 5.5 g 50.4 g 6%
Sodium 11 mg 100 mg 1%
*Percentage Daily Intake per serving. Percentage Daily Intakes are based on an average adult diet of 8700 kJ. Your daily intakes may be higher or lower depending on your energy needs.
Disclaimer:
Product details, including nutritional information and country of origin, may change from time to time and so the product you receive in your order may not reflect the information on this page. Please check the packaging on any product you purchase and if it's not what you expected, feel free to return it for a full refund.
Details
Country of Origin:
Made in Italy
Ingredients:
Milk Chocolate Shell (53%) With Cereal and Wafer Pieces (6%) in A Chocolatey Filling. Ingredients: Sugar, Milk Solids, Vegetable Fats, Cocoa Butter^, Cocoa Mass^, Cereal and Wafer Pieces (6%) [Rice Flour, Sugar, Potato Starch, Vegetable Oil, Corn Starch, Raising Agent (Sodium Bicarbonate), Salt, Whey Protein Concentrate ( Milk ), Flavours, Bamboo Fibre, Emulsifier (Sunflower Lecithin)], Cocoa^, Emulsifier (Sunflower Lecithin). Contains Milk. May Contain Tree Nuts. Milk Chocolate Contains Minimum 31% Cocoa Solids and 24% Milk Solids. ^Rainforest Alliance Certified Cocoa. Find Out More at Ra.Org.
Contains:
Contains Milk. May contain Tree Nuts.
Allergen:
May Be Present Nuts, Contains Milk
Servings Per Pack:
6.0
Storage Instructions:
Store Cool and Dry.
Size:
66 g
Code: 3947090P
3 9 4 7 0 9 0 P
Customers also purchased
Nestle Kit Kat Milk Mini Eggs 110g on special
Nestle Kit Kat Milk Mini Eggs
110g on special
buy any 2 for $7.00
Any 2
$ 7
regular price
$4.50 ea
each
110g $4.09 per 100G
Unit Price
Any 2 for $7.00 ...

Cadbury Caramilk Easter Eggs Bag 235g on special
Cadbury Caramilk Easter Eggs Bag
235g on special
$6.00
save
$3.00
235g $2.55 per 100G
Unit Price
Add
1
for $6.00

Lindt Lindor Mini Eggs Value Bag 390g on special
Lindt Lindor Mini Eggs Value Bag
390g on special
buy any 2 for $24.00
Any 2
$ 24
regular price
$24.00 ea
each
390g $6.15 per 100G
Unit Price
Any 2 for $24.00 ...

Nestle Milkybar Mini Eggs 110g on special
Nestle Milkybar Mini Eggs
110g on special
buy any 2 for $7.00
Any 2
$ 7
regular price
$4.50 ea
each
110g $4.09 per 100G
Unit Price
Any 2 for $7.00 ..."	[]
Lindt	Gold Bunny Milk	$ 10 .00	200g	$5.00 per 100G	"Nutrition Facts
Serving size: 1 serving = 25g
Qty
Quantity
per serving Qty
Quantity
per 100g / 100ml %
Percentage
daily intake*
Energy 569kJ 2280kJ
Not provided
Protein 1.9g 7.4g
Not provided
Total Fat 8.0g 32.0g
Not provided
Saturated Fat 5.0g 20.0g
Not provided
Carbohydrate 14.0g 56.0g
Not provided
Sugars 13.8g 55.0g
Not provided
Sodium 20mg 80mg
Not provided
*Percentage Daily Intake per serving. Percentage Daily Intakes are based on an average adult diet of 8700 kJ. Your daily intakes may be higher or lower depending on your energy needs.
Disclaimer:
Product details, including nutritional information and country of origin, may change from time to time and so the product you receive in your order may not reflect the information on this page. Please check the packaging on any product you purchase and if it's not what you expected, feel free to return it for a full refund.
Details
Ingredients:
Sugar, Cocoa Butter, Whole Milk Powder, Cocoa Mass, Lactose, Skim Milk Powder, Emulsifier (Soy Lecithin), Barley Malt Extract, Flavouring.
Contains:
Milk Chocolate contains: Cocoa Solids 30% min., Milk Solids 18% min.
Allergen:
May Be Present Tree Nuts
Servings Per Pack:
2.0
Storage Instructions:
Store in a cool dry place.
Size:
200g
Warning:
Bells and ribbons are for decorative purposes and are not toys.
Code: 4898604P
4 8 9 8 6 0 4 P
Customers also purchased
Cadbury Dairy Milk Easter Bunny 250g on special
Cadbury Dairy Milk Easter Bunny
250g on special
$7.50
save
$2.50
250g $3.00 per 100G
Unit Price
Add
1
for $7.50

Ferrero Rocher Milk Chocolate And Hazelnut Hollow Squirrel 90g on special
Ferrero Rocher Milk Chocolate And Hazelnut Hollow Squirrel
90g on special
$5.00
save
$1.50
90g $5.56 per 100G
Unit Price
Add
1
for $5.00

Lindt Bunny Flower Milk 200g on special
Lindt Bunny Flower Milk
200g on special
$10.00
save
$4.00
200g $5.00 per 100G
Unit Price
Add
1
for $10.00

Lindt Gold Bunny Dark 200g on special
Lindt Gold Bunny Dark
200g on special
$10.00
save
$4.00
200g $5.00 per 100G
Unit Price
Add
1
for $10.00"	['/wcsstore/Coles-CAS/images/4/8/9/4898604-th.jpg', '/wcsstore/Coles-CAS/images/4/8/9/4898604_B-th.jpg']
Lindt	Bunny Flower Milk	$ 6 .30	100g	$6.30 per 100G	"Nutrition Facts
Serving size: 1 serving = 25g
Qty
Quantity
per serving Qty
Quantity
per 100g / 100ml %
Percentage
daily intake*
Energy 569kJ 2280kJ
Not provided
Protein 1.9g 7.4g
Not provided
Total Fat 8.0g 32.0g
Not provided
Saturated Fat 5.0g 20.0g
Not provided
Carbohydrate 14.0g 56.0g
Not provided
Sugars 13.8g 55.0g
Not provided
Sodium 20mg 80mg
Not provided
*Percentage Daily Intake per serving. Percentage Daily Intakes are based on an average adult diet of 8700 kJ. Your daily intakes may be higher or lower depending on your energy needs.
Disclaimer:
Product details, including nutritional information and country of origin, may change from time to time and so the product you receive in your order may not reflect the information on this page. Please check the packaging on any product you purchase and if it's not what you expected, feel free to return it for a full refund.
Details
Ingredients:
Sugar, Cocoa Butter, Whole Milk Powder, Cocoa Mass, Lactose, Skim Milk Powder, Emulsifier (Soy Lecithin), Barley Malt Extract, Flavouring.
Contains:
Milk Chocolate contains: Cocoa Solids 30% min., Milk Solids 18% min.
Allergen:
May Be Present Tree Nuts
Servings Per Pack:
4.0
Storage Instructions:
Store in a cool and dry place.
Size:
100g
Warning:
Bells and ribbons are for decorative purposes and are not toys.
Code: 3136723P
3 1 3 6 7 2 3 P
Customers also purchased
Lindt Gold Bunny Hazelnut Chocolate 100g on special
Lindt Gold Bunny Hazelnut Chocolate
100g on special
$6.30
save
$1.70
100g $6.30 per 100G
Unit Price
Add
1
for $6.30

Darrell Lea Rocklea Road Bunny 170g on special
Darrell Lea Rocklea Road Bunny
170g on special
$5.00
save
$1.50
170g $2.94 per 100G
Unit Price
Add
1
for $5.00

Lindt Gold Bunny Dark 100g on special
Lindt Gold Bunny Dark
100g on special
$6.30
save
$1.70
100g $6.30 per 100G
Unit Price
Add
1
for $6.30

Lindt Gold Bunny White 100g on special
Lindt Gold Bunny White
100g on special
$6.30
save
$1.70
100g $6.30 per 100G
Unit Price
Add
1
for $6.30"	['/wcsstore/Coles-CAS/images/3/1/3/3136723-th.jpg', '/wcsstore/Coles-CAS/images/3/1/3/3136723_L-th.jpg', '/wcsstore/Coles-CAS/images/3/1/3/3136723_B-th.jpg']
Lindt	Gold Bunny White	$ 6 .30	100g	$6.30 per 100G	"Nutrition Facts
Serving size: 1 serving = 25g
Qty
Quantity
per serving Qty
Quantity
per 100g / 100ml %
Percentage
daily intake*
Energy 597kJ 2390kJ
Not provided
Protein 1.8g 7.0g
Not provided
Total Fat 9.0g 36.0g
Not provided
Saturated Fat 5.5g 22.0g
Not provided
Carbohydrate 13.8g 55.0g
Not provided
Sugars 13.8g 55.0g
Not provided
Sodium 25mg 180mg
Not provided
*Percentage Daily Intake per serving. Percentage Daily Intakes are based on an average adult diet of 8700 kJ. Your daily intakes may be higher or lower depending on your energy needs.
Disclaimer:
Product details, including nutritional information and country of origin, may change from time to time and so the product you receive in your order may not reflect the information on this page. Please check the packaging on any product you purchase and if it's not what you expected, feel free to return it for a full refund.
Details
Ingredients:
Sugar, Cocoa Butter, Whole Milk Powder, Skim Milk Powder, Emulsifier (Soy Lecithin), Flavouring.
Contains:
White Chocolate contains: Cocoa Solids 20% min.
Allergen:
May Be Present Tree Nuts
Servings Per Pack:
4.0
Storage Instructions:
Store in a cool and dry place.
Size:
100g
Warning:
Bells and ribbons are for decorative purposes and are not toys.
Code: 9401190P
9 4 0 1 1 9 0 P
Customers also purchased
Lindt Gold Bunny Hazelnut Chocolate 100g on special
Lindt Gold Bunny Hazelnut Chocolate
100g on special
$6.30
save
$1.70
100g $6.30 per 100G
Unit Price
Add
1
for $6.30

Ferrero Rocher Milk Chocolate And Hazelnut Hollow Squirrel 90g on special
Ferrero Rocher Milk Chocolate And Hazelnut Hollow Squirrel
90g on special
$5.00
save
$1.50
90g $5.56 per 100G
Unit Price
Add
1
for $5.00

Lindt Bunny Flower Milk 100g on special
Lindt Bunny Flower Milk
100g on special
$6.30
save
$1.70
100g $6.30 per 100G
Unit Price
Add
1
for $6.30

Lindt Gold Bunny Dark 100g on special
Lindt Gold Bunny Dark
100g on special
$6.30
save
$1.70
100g $6.30 per 100G
Unit Price
Add
1
for $6.30"	['/wcsstore/Coles-CAS/images/9/4/0/9401190-th.jpg', '/wcsstore/Coles-CAS/images/9/4/0/9401190_B-th.jpg']
Sweet William	Easter Bunnies 12 Pack	$ 6 .80	155g	$4.39 per 100G	"Nutrition Facts
Serving size: 1 serving = 13g
Qty
Quantity
per serving Qty
Quantity
per 100g / 100ml %
Percentage
daily intake*
Energy 296kJ 2280kJ
Not provided
Protein 1.1g 8.2g
Not provided
Total Fat 4.4g 33.5g
Not provided
Saturated Fat 2.4g 18.2g
Not provided
Carbohydrate 6.3g 48.1g
Not provided
Sugars 5.2g 39.8g
Not provided
Sodium 2mg 12mg
Not provided
*Percentage Daily Intake per serving. Percentage Daily Intakes are based on an average adult diet of 8700 kJ. Your daily intakes may be higher or lower depending on your energy needs.
Disclaimer:
Product details, including nutritional information and country of origin, may change from time to time and so the product you receive in your order may not reflect the information on this page. Please check the packaging on any product you purchase and if it's not what you expected, feel free to return it for a full refund.
Details
Ingredients:
Raw Cane Sugar, Cocoa Butter (Non-Dairy), Soy Flour, Cocoa Mass, Maize Maltodextrin, Cocoa Powder, Chicory Fibre, Emulsifiers (Sunflower Lecithin, E476), Natural Flavours.
Allergen:
Contains Soybean, Free From Tree Nuts, Free From Milk, Free From Gluten, Free From Egg, Free From Peanuts, Free From Cereals
Dietary:
No Preservatives, No Artificial Flavours or Colours
Servings Per Pack:
12.0
Storage Instructions:
Store between 16 to 20 degrees away from direct sunlight
Suitable for:
For those with food allergies or intolerance or those following a vegan diet or healthier lifestyle
Dimensions:
183 x 155 x 50mm
Size:
155g
Code: 7415070P
7 4 1 5 0 7 0 P
Customers also purchased
Cadbury Crunchie Easter Eggs Bag 110g on special
Cadbury Crunchie Easter Eggs Bag
110g on special
$3.00
save
$2.00
110g $2.73 per 100G
Unit Price
Add
1
for $3.00

Cadbury Dairy Milk Easter Eggs Bag 243g on special
Cadbury Dairy Milk Easter Eggs Bag
243g on special
$6.00
save
$3.00
243g $2.47 per 100G
Unit Price
Add
1
for $6.00

Cadbury Selections Easter Eggs Bag 230g on special
Cadbury Selections Easter Eggs Bag
230g on special
$6.00
save
$3.00
230g $2.61 per 100G
Unit Price
Add
1
for $6.00"	[]
Lindt	Gold Bunny Hazelnut Chocolate	$ 6 .30	100g	$6.30 per 100G	"Nutrition Facts
Serving size: 1 serving = 25g
Qty
Quantity
per serving Qty
Quantity
per 100g / 100ml %
Percentage
daily intake*
Energy 636kJ 2550kJ
Not provided
Protein 2.4g 9.5g
Not provided
Total Fat 10.8g 43.0g
Not provided
Saturated Fat 4.8g 19.0g
Not provided
Carbohydrate 11.2g 45.0g
Not provided
Sugars 10.2g 41.0g
Not provided
Sodium 16mg 64mg
Not provided
*Percentage Daily Intake per serving. Percentage Daily Intakes are based on an average adult diet of 8700 kJ. Your daily intakes may be higher or lower depending on your energy needs.
Disclaimer:
Product details, including nutritional information and country of origin, may change from time to time and so the product you receive in your order may not reflect the information on this page. Please check the packaging on any product you purchase and if it's not what you expected, feel free to return it for a full refund.
Details
Ingredients:
Sugar, Cocoa Butter, Hazelnuts (20%), Whole Milk Powder, Cocoa Mass, Lactose, Skim Milk, Powder, Emulsifier (Soy Lecithin), Barley Malt Extract, Flavouring.
Contains:
Milk Chocolate contains: Cocoa Solids 30% min. Milk Solids 18% min.
Allergen:
May Be Present Tree Nuts
Servings Per Pack:
4.0
Storage Instructions:
Store in a cool and dry place.
Size:
100g
Warning:
Bells and ribbons are for decorative purposes and are not toys.
Code: 2134380P
2 1 3 4 3 8 0 P
Customers also purchased
Lindt Bunny Flower Milk 100g on special
Lindt Bunny Flower Milk
100g on special
$6.30
save
$1.70
100g $6.30 per 100G
Unit Price
Add
1
for $6.30

Lindt Gold Bunny Dark 100g on special
Lindt Gold Bunny Dark
100g on special
$6.30
save
$1.70
100g $6.30 per 100G
Unit Price
Add
1
for $6.30

Lindt Bunny Flower Milk 200g on special
Lindt Bunny Flower Milk
200g on special
$10.00
save
$4.00
200g $5.00 per 100G
Unit Price
Add
1
for $10.00

Lindt Gold Bunny White 100g on special
Lindt Gold Bunny White
100g on special
$6.30
save
$1.70
100g $6.30 per 100G
Unit Price
Add
1
for $6.30"	['/wcsstore/Coles-CAS/images/2/1/3/2134380-th.jpg', '/wcsstore/Coles-CAS/images/2/1/3/2134380_B-th.jpg']
Violet Crumble	Bunny	$ 1 .00	30g	$3.33 per 100G	"Nutrition Facts
Qty
Quantity
per serving Qty
Quantity
per 100g / 100ml %
Percentage
daily intake*
Energy 630kJ 2100kJ 7%
Protein 1.8g 5.9g 4%
Total Fat 8.8g 29.2g 13%
Saturated Fat 5.5g 18.4g 23%
Carbohydrate 17.3g 57.8g 6%
Sugars 16.5g 55g 18%
Sodium 44mg 147mg 2%
*Percentage Daily Intake per serving. Percentage Daily Intakes are based on an average adult diet of 8700 kJ. Your daily intakes may be higher or lower depending on your energy needs.
Disclaimer:
Product details, including nutritional information and country of origin, may change from time to time and so the product you receive in your order may not reflect the information on this page. Please check the packaging on any product you purchase and if it's not what you expected, feel free to return it for a full refund.
Details
Country of Origin:
Made in Australia
Ingredients:
Milk Chocolate (90%*) (Sugar, Cocoa Solids (26%*) (Cocoa Butter, Cocoa Mass**), Milk Solids (25%*), Vegetable Oil, Emulsifiers (Soy Lecithin, 476), Natural Flavour), Honeycomb (10%*) Sugar, Glucose Syrup, Raising Agent (Sodium Bicarbonate), Gelatine, Maize Starch, * Average percentages, **Contributes to the production of sustainable Cocoa
Dimensions:
122 x 51 x 11mm
Usage Instructions:
Servings per package: 1, Serving size: 30 g
Size:
30g
Code: 3644101P
3 6 4 4 1 0 1 P
Customers also purchased
Kinder Chicks 35g on special twenty five percent off
Kinder Chicks
35g on special twenty five percent off
$1.50
save
$0.50
35g $4.29 per 100G
Unit Price
Add
1
for $1.50

Cadbury Marshmallow Easter Egg 35g everyday product
Cadbury Marshmallow Easter Egg
35g everyday product
$1.00
35g $2.86 per 100G
Unit Price
Add
1
for $1.00

Cadbury Easter Bunny 150g on special
Cadbury Easter Bunny
150g on special
$5.00
save
$1.70
150g $3.33 per 100G
Unit Price
Add
1
for $5.00

Kinder Surprise Chocolate Giant Easter Bunny 160g
Kinder Surprise Chocolate Giant Easter Bunny
160g
$9.50
160g $5.94 per 100G
Unit Price
Add
1
for $9.50"	['/wcsstore/Coles-CAS/images/3/6/4/3644101-th.jpg', '/wcsstore/Coles-CAS/images/3/6/4/3644101_B-th.jpg']
Cadbury	Clinker Easter Bunny Sharepack	$ 6 .00	180g	$3.33 per 100G	"Nutrition Facts
Serving size: 1 serving = 30g
Qty
Quantity
per serving Qty
Quantity
per 100g / 100ml %
Percentage
daily intake*
Energy 663 kJ 2210 kJ 0
Energy Cal 0 0 0
Protein 2.2 g 7.2 g 0
Total Fat 8.6 g 28.8 g 0
Saturated Fat 5.2 g 17.3 g 0
Trans 0 0 0
Polyunsaturated 0 0 0
Mono Unsaturated 0 0 0
Carbohydrate 17.7 g 59.2 g 0
Sugars 17.1 g 57.1 g 0
Dietary Fibre Total 0 0 0
Sodium 24 mg 81 mg 0
*Percentage Daily Intake per serving. Percentage Daily Intakes are based on an average adult diet of 8700 kJ. Your daily intakes may be higher or lower depending on your energy needs.
Disclaimer:
Product details, including nutritional information and country of origin, may change from time to time and so the product you receive in your order may not reflect the information on this page. Please check the packaging on any product you purchase and if it's not what you expected, feel free to return it for a full refund.
Details
Country of Origin:
Made in Australia
Ingredients:
PRODUCT CONTAINS MILK CHOCOLATE (95%), CLINKERS CANDY PIECES (5%).INGREDIENTS: FULL CREAM MILK, SUGAR, COCOA BUTTER, COCOA MASS, MILK SOLIDS, CLINKERS CANDY PIECES (SUGAR, GLUCOSE SYRUP, GELATINE, STARCH (FROM WHEAT, MAIZE, TAPIOCA), SPIRULINA, FLAVOUR, COLOURS (100, 120)), EMULSIFIERS (SOY LECITHIN, 476), FLAVOURS.
Contains:
MILK CHOCOLATE CONTAINS COCOA SOLIDS 27%, MILK SOLIDS MINIMUM 24%.
Allergen:
May Be Present Tree Nuts, May Be Present Peanuts, Contains Gluten, Contains Soy, Contains Wheat, Contains Milk
Servings Per Pack:
6.0
Storage Instructions:
PLEASE STORE IN COOL, DRY CONDITIONS.
Size:
180g
Code: 4699801P
4 6 9 9 8 0 1 P
Customers also purchased
Cadbury Mint Easter Eggs Bag 115g on special
Cadbury Mint Easter Eggs Bag
115g on special
$3.00
save
$2.00
115g $2.61 per 100G
Unit Price
Add
1
for $3.00

Cadbury Dairy Milk Easter Bunny Sharepack 204g on special
Cadbury Dairy Milk Easter Bunny Sharepack
204g on special
$6.00
save
$2.00
204g $2.94 per 100G
Unit Price
Add
1
for $6.00

Cadbury Turkish Delight Easter Eggs Bag 117g on special
Cadbury Turkish Delight Easter Eggs Bag
117g on special
$3.00
save
$2.00
117g $2.56 per 100G
Unit Price
Add
1
for $3.00

Cadbury Marvellous Creations Easter Bunny Sharepack 198g on special
Cadbury Marvellous Creations Easter Bunny Sharepack
198g on special
$6.00
save
$2.00
198g $3.03 per 100G
Unit Price
Add
1
for $6.00"	['/wcsstore/Coles-CAS/images/4/6/9/4699801-th.jpg', '/wcsstore/Coles-CAS/images/4/6/9/4699801_B-th.jpg']
Lindt	Bunny Gold Milk	$ 6 .30	100g	$6.30 per 100G	"Nutrition Facts
Serving size: 1 serving = 25g
Qty
Quantity
per serving Qty
Quantity
per 100g / 100ml %
Percentage
daily intake*
Energy 569kJ 2280kJ
Not provided
Protein 1.9g 7.4g
Not provided
Total Fat 8.0g 32.0g
Not provided
Saturated Fat 5.0g 20.0g
Not provided
Carbohydrate 14.0g 56.0g
Not provided
Sugars 13.8g 55.0g
Not provided
Sodium 20mg 80mg
Not provided
*Percentage Daily Intake per serving. Percentage Daily Intakes are based on an average adult diet of 8700 kJ. Your daily intakes may be higher or lower depending on your energy needs.
Disclaimer:
Product details, including nutritional information and country of origin, may change from time to time and so the product you receive in your order may not reflect the information on this page. Please check the packaging on any product you purchase and if it's not what you expected, feel free to return it for a full refund.
Details
Ingredients:
Sugar, Cocoa Butter, Whole Milk Powder, Cocoa Mass, Lactose, Skim Milk Powder, Emulsifier (Soy Lecithin), Barley Malt Extract, Flavouring.
Contains:
Milk Chocolate contains: Cocoa Solids 30% min., Milk Solids 18% min.
Allergen:
May Be Present Tree Nuts
Servings Per Pack:
4.0
Storage Instructions:
Store in a cool and dry place.
Size:
100g
Warning:
Bells and ribbons are for decorative purposes and are not toys.
Code: 8477040P
8 4 7 7 0 4 0 P
Customers also purchased
Cadbury Crunchie Easter Bunny 170g on special
Cadbury Crunchie Easter Bunny
170g on special
$5.00
save
$1.70
170g $2.94 per 100G
Unit Price
Add
1
for $5.00"	['/wcsstore/Coles-CAS/images/8/4/7/8477040-th.jpg', '/wcsstore/Coles-CAS/images/8/4/7/8477040_B-th.jpg']
Darrell Lea	Rocklea Road Bunny	$ 5 .00	170g	$2.94 per 100G	"Disclaimer:
Product details, including nutritional information and country of origin, may change from time to time and so the product you receive in your order may not reflect the information on this page. Please check the packaging on any product you purchase and if it's not what you expected, feel free to return it for a full refund.
Details
Country of Origin:
Made in Australia
Dimensions:
205 x 75 x 60mm
Code: 3649320P
3 6 4 9 3 2 0 P
Customers also purchased
Lindt Bunny Flower Milk 100g on special
Lindt Bunny Flower Milk
100g on special
$6.30
save
$1.70
100g $6.30 per 100G
Unit Price
Add
1
for $6.30

Lindt Gold Bunny Dark 100g on special
Lindt Gold Bunny Dark
100g on special
$6.30
save
$1.70
100g $6.30 per 100G
Unit Price
Add
1
for $6.30

Darrell Lea Fruit Tingles Smiling Bunny 170g on special
Darrell Lea Fruit Tingles Smiling Bunny
170g on special
$5.00
save
$1.50
170g $2.94 per 100G
Unit Price
Add
1
for $5.00

Red Tulip Easter Rabbit 200g on special
Red Tulip Easter Rabbit
200g on special
buy 2 for $10.00
2 for
$ 10
regular price
$8.00 ea
each
200g $4.00 per 100G
Unit Price
Add
2
for $10.00"	[]
Kinder	Chocolate Easter Bunnies 3 Pack	$ 2 .20	45g	$4.89 per 100G	"Disclaimer:
Product details, including nutritional information and country of origin, may change from time to time and so the product you receive in your order may not reflect the information on this page. Please check the packaging on any product you purchase and if it's not what you expected, feel free to return it for a full refund.
Details
Country of Origin:
Made in Poland
Code: 8805864P
8 8 0 5 8 6 4 P
Customers also purchased
Easter Milk Chocolate Coins 100g while stocks last product
Easter Milk Chocolate Coins
100g while stocks last product
$2.00
100g $2.00 per 100G
Unit Price
Add
1
for $2.00

Easter Belgian Milk Choc Pops 30g while stocks last product
Easter Belgian Milk Choc Pops
30g while stocks last product
$2.80
30g $9.33 per 100G
Unit Price
Add
1
for $2.80

Cadbury Easter Crme Egg 40g on special
Cadbury Easter Crme Egg
40g on special
buy any 2 for $3.00
Any 2
$ 3
regular price
$2.00 ea
each
40g $5.00 per 100G
Unit Price
Any 2 for $3.00 ...

Cadbury Mini Eggs Easter Flip Top 41.5g on special
Cadbury Mini Eggs Easter Flip Top
41.5g on special
buy any 2 for $3.00
Any 2
$ 3
regular price
$2.00 ea
each
41.5g $4.82 per 100G
Unit Price
Any 2 for $3.00 ..."	[]
Lindt	Bunny Flower Milk	$ 10 .00	200g	$5.00 per 100G	"Nutrition Facts
Serving size: 1 serving = 25g
Qty
Quantity
per serving Qty
Quantity
per 100g / 100ml %
Percentage
daily intake*
Energy 569kJ 2280kJ
Not provided
Protein 1.9g 7.4g
Not provided
Total Fat 8.0g 32.0g
Not provided
Saturated Fat 5.0g 20.0g
Not provided
Carbohydrate 14.0g 56.0g
Not provided
Sugars 13.8g 55.0g
Not provided
Sodium 20mg 80mg
Not provided
*Percentage Daily Intake per serving. Percentage Daily Intakes are based on an average adult diet of 8700 kJ. Your daily intakes may be higher or lower depending on your energy needs.
Disclaimer:
Product details, including nutritional information and country of origin, may change from time to time and so the product you receive in your order may not reflect the information on this page. Please check the packaging on any product you purchase and if it's not what you expected, feel free to return it for a full refund.
Details
Ingredients:
Sugar, Cocoa Butter, Whole Milk Powder, Cocoa Mass, Lactose, Skim Milk Powder, Emulsifier (Soy Lecithin), Barley Malt Extract, Flavouring.
Contains:
Cocoa solids 30% min., milk solids 18% min.
Allergen:
May Be Present Tree Nuts
Servings Per Pack:
8.0
Storage Instructions:
Store in a cool and dry place.
Size:
200g
Warning:
Bells and ribbons are for decorative purposes and are not toys.
Code: 3136734P
3 1 3 6 7 3 4 P
Customers also purchased
Lindt Gold Bunny Hazelnut Chocolate 100g on special
Lindt Gold Bunny Hazelnut Chocolate
100g on special
$6.30
save
$1.70
100g $6.30 per 100G
Unit Price
Add
1
for $6.30

Lindt Gold Bunny Milk 200g on special
Lindt Gold Bunny Milk
200g on special
$10.00
save
$4.00
200g $5.00 per 100G
Unit Price
Add
1
for $10.00

Lindt Bunny Flower Milk 100g on special
Lindt Bunny Flower Milk
100g on special
$6.30
save
$1.70
100g $6.30 per 100G
Unit Price
Add
1
for $6.30

Lindt Gold Bunny Dark 200g on special
Lindt Gold Bunny Dark
200g on special
$10.00
save
$4.00
200g $5.00 per 100G
Unit Price
Add
1
for $10.00"	['/wcsstore/Coles-CAS/images/3/1/3/3136734-th.jpg', '/wcsstore/Coles-CAS/images/3/1/3/3136734_R-th.jpg', '/wcsstore/Coles-CAS/images/3/1/3/3136734_B-th.jpg']
Kinder	Surprise Chocolate Easter Bunny Blue	$ 4 .00	75g	$5.33 per 100G	"Disclaimer:
Product details, including nutritional information and country of origin, may change from time to time and so the product you receive in your order may not reflect the information on this page. Please check the packaging on any product you purchase and if it's not what you expected, feel free to return it for a full refund.
Details
Country of Origin:
Made in Poland
Code: 1651478P
1 6 5 1 4 7 8 P
Customers also purchased
Kinder Chicks 35g on special twenty five percent off
Kinder Chicks
35g on special twenty five percent off
$1.50
save
$0.50
35g $4.29 per 100G
Unit Price
Add
1
for $1.50

Kinder Surprise Chocolate Easter Bunny Pink 75g on special twenty percent off
Kinder Surprise Chocolate Easter Bunny Pink
75g on special twenty percent off
$4.00
save
$1.00
75g $5.33 per 100G
Unit Price
Add
1
for $4.00

Cadbury Easter Bunny 150g on special
Cadbury Easter Bunny
150g on special
$5.00
save
$1.70
150g $3.33 per 100G
Unit Price
Add
1
for $5.00

Darrell Lea Fruit Tingles Smiling Bunny 170g on special
Darrell Lea Fruit Tingles Smiling Bunny
170g on special
$5.00
save
$1.50
170g $2.94 per 100G
Unit Price
Add
1
for $5.00"	[]
Lindt	Gold Bunny Dark	$ 6 .30	100g	$6.30 per 100G	"Nutrition Facts
Serving size: 1 serving = 25g
Qty
Quantity
per serving Qty
Quantity
per 100g / 100ml %
Percentage
daily intake*
Energy 582kJ 2330kJ
Not provided
Protein 2.0g 7.9g
Not provided
Total Fat 9.8g 39.0g
Not provided
Saturated Fat 6.0g 24.0g
Not provided
Carbohydrate 9.8g 39.0g
Not provided
Sugars 8.8g 35.0g
Not provided
Sodium 4mg 16mg
Not provided
*Percentage Daily Intake per serving. Percentage Daily Intakes are based on an average adult diet of 8700 kJ. Your daily intakes may be higher or lower depending on your energy needs.
Disclaimer:
Product details, including nutritional information and country of origin, may change from time to time and so the product you receive in your order may not reflect the information on this page. Please check the packaging on any product you purchase and if it's not what you expected, feel free to return it for a full refund.
Details
Country of Origin:
Manufactured in Germany
Ingredients:
Cocoa Mass, Sugar, Cocoa Butter, Emulsifier (Soya Lecithin), Flavouring.
Contains:
Dark Chocolate contains: Cocoa Solids 60% min.
Allergen:
May Be Present Hazelnuts, May Be Present Milk, May Be Present Tree Nuts
Servings Per Pack:
4.0
Storage Instructions:
Store in a cool and dry place.
Size:
100g
Warning:
Quality Guarantee Chocoladefabriken Lindt & Sprngli AG Kilchberg / Switzerland Bells and ribbons are for decorative purposes and are not toys.
Code: 9635216P
9 6 3 5 2 1 6 P
Customers also purchased
Lindt Gold Bunny Hazelnut Chocolate 100g on special
Lindt Gold Bunny Hazelnut Chocolate
100g on special
$6.30
save
$1.70
100g $6.30 per 100G
Unit Price
Add
1
for $6.30

Darrell Lea Rocklea Road Bunny 170g on special
Darrell Lea Rocklea Road Bunny
170g on special
$5.00
save
$1.50
170g $2.94 per 100G
Unit Price
Add
1
for $5.00

Lindt Bunny Flower Milk 100g on special
Lindt Bunny Flower Milk
100g on special
$6.30
save
$1.70
100g $6.30 per 100G
Unit Price
Add
1
for $6.30

Lindt Gold Bunny White 100g on special
Lindt Gold Bunny White
100g on special
$6.30
save
$1.70
100g $6.30 per 100G
Unit Price
Add
1
for $6.30"	['/wcsstore/Coles-CAS/images/9/6/3/9635216-th.jpg', '/wcsstore/Coles-CAS/images/9/6/3/9635216_B-th.jpg']
Cadbury	Dairy Milk Easter Bunny Sharepack	$ 6 .00	204g	$2.94 per 100G	"Nutrition Facts
Serving size: 1 serving = 34g
Qty
Quantity
per serving Qty
Quantity
per 100g / 100ml %
Percentage
daily intake*
Energy 761 kJ 2240 kJ 0
Energy Cal 0 0 0
Protein 2.5 g 7.4 g 0
Total Fat 10.3 g 30.3 g 0
Saturated Fat 6.2 g 18.2 g 0
Trans 0 0 0
Polyunsaturated 0 0 0
Mono Unsaturated 0 0 0
Carbohydrate 19.5 g 57.3 g 0
Sugars 19 g 55.9 g 0
Dietary Fibre Total 0 0 0
Sodium 28 mg 83 mg 0
*Percentage Daily Intake per serving. Percentage Daily Intakes are based on an average adult diet of 8700 kJ. Your daily intakes may be higher or lower depending on your energy needs.
Disclaimer:
Product details, including nutritional information and country of origin, may change from time to time and so the product you receive in your order may not reflect the information on this page. Please check the packaging on any product you purchase and if it's not what you expected, feel free to return it for a full refund.
Details
Country of Origin:
made in Australia
Ingredients:
INGREDIENTS: FULL CREAM MILK, SUGAR, COCOA BUTTER, COCOA MASS, MILK SOLIDS, EMULSIFIERS (SOY LECITHIN, 476), FLAVOURS.
Contains:
MILK CHOCOLATE CONTAINS COCOA SOLIDS 27%, MILK SOLIDS MINIMUM 24%.
Allergen:
May Be Present Tree Nuts, May Be Present Peanuts, May Be Present Wheat, May Be Present Gluten, Contains Soy, Contains Milk
Servings Per Pack:
6.0
Storage Instructions:
PLEASE STORE IN COOL, DRY CONDITIONS.
Size:
204g
Code: 4699812P
4 6 9 9 8 1 2 P
Customers also purchased
Cadbury Mini Eggs Easter Eggs Bag 125g on special
Cadbury Mini Eggs Easter Eggs Bag
125g on special
$3.00
save
$2.00
125g $2.40 per 100G
Unit Price
Add
1
for $3.00

Cadbury Clinker Easter Bunny Sharepack 180g on special
Cadbury Clinker Easter Bunny Sharepack
180g on special
$6.00
save
$2.00
180g $3.33 per 100G
Unit Price
Add
1
for $6.00

Cadbury Marvellous Creations Easter Bunny Sharepack 198g on special
Cadbury Marvellous Creations Easter Bunny Sharepack
198g on special
$6.00
save
$2.00
198g $3.03 per 100G
Unit Price
Add
1
for $6.00"	['/wcsstore/Coles-CAS/images/4/6/9/4699812-th.jpg', '/wcsstore/Coles-CAS/images/4/6/9/4699812_B-th.jpg']
Cadbury	Marvellous Creations Easter Bunny Sharepack	$ 6 .00	198g	$3.03 per 100G	"Nutrition Facts
Serving size: 1 serving = 33g
Qty
Quantity
per serving Qty
Quantity
per 100g / 100ml %
Percentage
daily intake*
Energy 723 kJ 2190 kJ 0
Energy Cal 0 0 0
Protein 2.3 g 6.9 g 0
Total Fat 9.3 g 28.3 g 0
Saturated Fat 5.6 g 17 g 0
Trans 0 0 0
Polyunsaturated 0 0 0
Mono Unsaturated 0 0 0
Carbohydrate 19.6 g 59.4 g 0
Sugars 18.9 g 57.1 g 0
Dietary Fibre Total 0 0 0
Sodium 27 mg 80 mg 0
*Percentage Daily Intake per serving. Percentage Daily Intakes are based on an average adult diet of 8700 kJ. Your daily intakes may be higher or lower depending on your energy needs.
Disclaimer:
Product details, including nutritional information and country of origin, may change from time to time and so the product you receive in your order may not reflect the information on this page. Please check the packaging on any product you purchase and if it's not what you expected, feel free to return it for a full refund.
Details
Country of Origin:
Made in Australia from Imported and Local Ingredients
Ingredients:
PRODUCT CONTAINS MILK CHOCOLATE (91%), BEANIES (3.5%), RASPBERRY FLAVOURED JELLY PIECES (3%), POPPING CANDY (2.5%).INGREDIENTS: FULL CREAM MILK, SUGAR, COCOA BUTTER, COCOA MASS, MILK SOLIDS, BEANIES (CONTAIN MILK, SPIRULINA EXTRACT, COLOURS (163, 100, 141, 160a)), RASPBERRY FLAVOURED JELLY PIECES (CONTAIN FLAVOUR), POPPING CANDY (CONTAINS MILK, CARBON DIOXIDE), EMULSIFIERS (SOY LECITHIN, 476), FLAVOURS.
Contains:
MILK CHOCOLATE CONTAINS COCOA SOLIDS 27%, MILK SOLIDS MINIMUM 24%.
Allergen:
May Be Present Tree Nuts, May Be Present Peanuts, May Be Present Wheat, May Be Present Gluten, Contains Soy, Contains Milk
Servings Per Pack:
6.0
Storage Instructions:
PLEASE STORE IN COOL, DRY CONDITIONS.
Size:
198g
Code: 5766245P
5 7 6 6 2 4 5 P
Customers also purchased
M&M?s Crispy Chocolate Speckled Easter Egg Snack & Share Bag 150g on special
M&M?s Crispy Chocolate Speckled Easter Egg Snack & Share Bag
150g on special
$4.00
save
$1.00
150g $2.67 per 100G
Unit Price
Add
1
for $4.00

Cadbury Clinker Easter Bunny Sharepack 180g on special
Cadbury Clinker Easter Bunny Sharepack
180g on special
$6.00
save
$2.00
180g $3.33 per 100G
Unit Price
Add
1
for $6.00

Cadbury Creme Eggs Minis Easter Bag 110g on special
Cadbury Creme Eggs Minis Easter Bag
110g on special
$3.00
save
$2.00
110g $2.73 per 100G
Unit Price
Add
1
for $3.00

Cadbury Turkish Delight Easter Eggs Bag 117g on special
Cadbury Turkish Delight Easter Eggs Bag
117g on special
$3.00
save
$2.00
117g $2.56 per 100G
Unit Price
Add
1
for $3.00"	['/wcsstore/Coles-CAS/images/5/7/6/5766245-th.jpg', '/wcsstore/Coles-CAS/images/5/7/6/5766245_B-th.jpg']
Darrell Lea	Milk Bunny	$ 5 .00	160g	$3.13 per 100G	"Disclaimer:
Product details, including nutritional information and country of origin, may change from time to time and so the product you receive in your order may not reflect the information on this page. Please check the packaging on any product you purchase and if it's not what you expected, feel free to return it for a full refund.
Details
Country of Origin:
Made in Australia
Dimensions:
200 x 75 x 60mm
Code: 3956320P
3 9 5 6 3 2 0 P
Customers also purchased
Cadbury Crunchie Hollow Easter Egg 110g on special
Cadbury Crunchie Hollow Easter Egg
110g on special
buy any 2 for $6.00
Any 2
$ 6
regular price
$4.00 ea
each
110g $3.64 per 100G
Unit Price
Any 2 for $6.00 ...

Cadbury Dairy Milk Hollow Easter Egg 100g on special
Cadbury Dairy Milk Hollow Easter Egg
100g on special
buy any 2 for $6.00
Any 2
$ 6
regular price
$4.00 ea
each
100g $4.00 per 100G
Unit Price
Any 2 for $6.00 ...

Cadbury Cherry Ripe Hollow Easter Egg 110g on special
Cadbury Cherry Ripe Hollow Easter Egg
110g on special
buy any 2 for $6.00
Any 2
$ 6
regular price
$4.00 ea
each
110g $3.64 per 100G
Unit Price
Any 2 for $6.00 ...

Kinder Mini Milk Easter Eggs 240g on special
Kinder Mini Milk Easter Eggs
240g on special
$7.00
save
$2.00
240g $2.92 per 100G
Unit Price
Add
1
for $7.00"	[]
Lindt	Gold Bunny Dark	$ 10 .00	200g	$5.00 per 100G	"Nutrition Facts
Serving size: 1 serving = 25g
Qty
Quantity
per serving Qty
Quantity
per 100g / 100ml %
Percentage
daily intake*
Energy 582kJ 2330kJ
Not provided
Protein 2.0g 7.9g
Not provided
Total Fat 9.8g 39.0g
Not provided
Saturated Fat 6.0g 24.0g
Not provided
Carbohydrate 9.8g 39.0g
Not provided
Sugars 8.8g 35.0g
Not provided
Sodium 4mg 16mg
Not provided
*Percentage Daily Intake per serving. Percentage Daily Intakes are based on an average adult diet of 8700 kJ. Your daily intakes may be higher or lower depending on your energy needs.
Disclaimer:
Product details, including nutritional information and country of origin, may change from time to time and so the product you receive in your order may not reflect the information on this page. Please check the packaging on any product you purchase and if it's not what you expected, feel free to return it for a full refund.
Details
Ingredients:
Cocoa mass, Sugar, Cocoa butter, Emulsifier (Soya Lecithin), Flavouring.
Contains:
Cocoa solids: 60% min.
Allergen:
May Be Present Milk, May Be Present Tree Nuts
Servings Per Pack:
8.0
Storage Instructions:
Store in a cool and dry place.
Size:
200g
Warning:
Quality Guarantee Chocoladefabriken Lindt & Sprngli AG Kilchberg/Switzerland
Code: 2588570P
2 5 8 8 5 7 0 P
Customers also purchased
Lindt Gold Bunny Milk 200g on special
Lindt Gold Bunny Milk
200g on special
$10.00
save
$4.00
200g $5.00 per 100G
Unit Price
Add
1
for $10.00

Lindt Bunny Flower Milk 100g on special
Lindt Bunny Flower Milk
100g on special
$6.30
save
$1.70
100g $6.30 per 100G
Unit Price
Add
1
for $6.30

Lindt Bunny Flower Milk 200g on special
Lindt Bunny Flower Milk
200g on special
$10.00
save
$4.00
200g $5.00 per 100G
Unit Price
Add
1
for $10.00

Red Tulip Easter Rabbit 200g on special
Red Tulip Easter Rabbit
200g on special
buy 2 for $10.00
2 for
$ 10
regular price
$8.00 ea
each
200g $4.00 per 100G
Unit Price
Add
2
for $10.00"	['/wcsstore/Coles-CAS/images/2/5/8/2588570-th.jpg', '/wcsstore/Coles-CAS/images/2/5/8/2588570_B-th.jpg']
Darrell Lea	Fruit Tingles Smiling Bunny	$ 5 .00	170g	$2.94 per 100G	"Disclaimer:
Product details, including nutritional information and country of origin, may change from time to time and so the product you receive in your order may not reflect the information on this page. Please check the packaging on any product you purchase and if it's not what you expected, feel free to return it for a full refund.
Details
Country of Origin:
Made in Australia
Dimensions:
205 x 75 x 60mm
Code: 3943383P
3 9 4 3 3 8 3 P
Customers also purchased
Darrell Lea Rocklea Road Bunny 170g on special
Darrell Lea Rocklea Road Bunny
170g on special
$5.00
save
$1.50
170g $2.94 per 100G
Unit Price
Add
1
for $5.00

Lindt Bunny Flower Milk 100g on special
Lindt Bunny Flower Milk
100g on special
$6.30
save
$1.70
100g $6.30 per 100G
Unit Price
Add
1
for $6.30

Kinder Surprise Chocolate Easter Bunny Blue 75g on special twenty percent off
Kinder Surprise Chocolate Easter Bunny Blue
75g on special twenty percent off
$4.00
save
$1.00
75g $5.33 per 100G
Unit Price
Add
1
for $4.00

Red Tulip Easter Rabbit 200g on special
Red Tulip Easter Rabbit
200g on special
buy 2 for $10.00
2 for
$ 10
regular price
$8.00 ea
each
200g $4.00 per 100G
Unit Price
Add
2
for $10.00"	[]
Kinder	Surprise Chocolate Easter Bunny Pink	$ 4 .00	75g	$5.33 per 100G	"Disclaimer:
Product details, including nutritional information and country of origin, may change from time to time and so the product you receive in your order may not reflect the information on this page. Please check the packaging on any product you purchase and if it's not what you expected, feel free to return it for a full refund.
Details
Country of Origin:
Made in Poland
Code: 2588548P
2 5 8 8 5 4 8 P
Customers also purchased
Kinder Chicks 35g on special twenty five percent off
Kinder Chicks
35g on special twenty five percent off
$1.50
save
$0.50
35g $4.29 per 100G
Unit Price
Add
1
for $1.50

Darrell Lea Rocklea Road Bunny 170g on special
Darrell Lea Rocklea Road Bunny
170g on special
$5.00
save
$1.50
170g $2.94 per 100G
Unit Price
Add
1
for $5.00

Kinder Surprise Chocolate Easter Bunny Blue 75g on special twenty percent off
Kinder Surprise Chocolate Easter Bunny Blue
75g on special twenty percent off
$4.00
save
$1.00
75g $5.33 per 100G
Unit Price
Add
1
for $4.00

Cadbury Easter Bunny 150g on special
Cadbury Easter Bunny
150g on special
$5.00
save
$1.70
150g $3.33 per 100G
Unit Price
Add
1
for $5.00"	[]
Kinder	Surprise Chocolate Giant Easter Bunny	$ 9 .50	160g	$5.94 per 100G	"Disclaimer:
Product details, including nutritional information and country of origin, may change from time to time and so the product you receive in your order may not reflect the information on this page. Please check the packaging on any product you purchase and if it's not what you expected, feel free to return it for a full refund.
Details
Country of Origin:
Made in Poland
Code: 2588515P
2 5 8 8 5 1 5 P
Customers also purchased
Cadbury Easter Bunny 150g on special
Cadbury Easter Bunny
150g on special
$5.00
save
$1.70
150g $3.33 per 100G
Unit Price
Add
1
for $5.00

Darrell Lea Rocklea Road Egg 120g on special
Darrell Lea Rocklea Road Egg
120g on special
$3.50
save
$1.00
120g $2.92 per 100G
Unit Price
Add
1
for $3.50

Lindt Bunny Flower Milk 200g on special
Lindt Bunny Flower Milk
200g on special
$10.00
save
$4.00
200g $5.00 per 100G
Unit Price
Add
1
for $10.00

Kit Kat Bunny 85g new product
Kit Kat Bunny
85g new product
$4.50
85g $5.29 per 100G
Unit Price
Add
1
for $4.50"	[]
Lindt	Mini Gold Bunny Pouch	$ 6 .50	90g	$7.22 per 100G	"Nutrition Facts
Serving size: 1 serving = 20g
Qty
Quantity
per serving Qty
Quantity
per 100g / 100ml %
Percentage
daily intake*
Energy 475kJ 2380kJ
Not provided
Protein 1.5g 7.4g
Not provided
Total Fat 7.4g 37.0g
Not provided
Saturated Fat 4.4g 22.0g
Not provided
Carbohydrate 10.2g 51.0g
Not provided
Sugars 10.1g 50.5g
Not provided
Sodium 16mg 80mg
Not provided
*Percentage Daily Intake per serving. Percentage Daily Intakes are based on an average adult diet of 8700 kJ. Your daily intakes may be higher or lower depending on your energy needs.
Disclaimer:
Product details, including nutritional information and country of origin, may change from time to time and so the product you receive in your order may not reflect the information on this page. Please check the packaging on any product you purchase and if it's not what you expected, feel free to return it for a full refund.
Details
Country of Origin:
Manufactured in Germany
Ingredients:
Sugar, cocoa butter, whole milk powder, emulsifier (soy lecithin), Barley malt extract, flavouring.
Contains:
Cocoa solids 30% min., milk solids 18% min.
Allergen:
May Be Present Tree Nuts, May Be Present Peanuts
Servings Per Pack:
4.5
Storage Instructions:
Store in a cool and dry place.
Size:
90g
Warning:
QUALITY GUARANTEE The incomparable taste of this Lindt chocolate product is due to our using the highest quality ingredients and our traditional Swiss manufacturing know-how. This product left our factory in impeccable condition. Were it damaged on its way to you, please return it to us and we will replace it. Chocoladefabriken Lindt & Sprngli AG, Kilchberg / Switzerland.
Code: 8815937P
8 8 1 5 9 3 7 P
Customers also purchased
Cadbury Caramilk Easter Eggs Bag 235g on special
Cadbury Caramilk Easter Eggs Bag
235g on special
$6.00
save
$3.00
235g $2.55 per 100G
Unit Price
Add
1
for $6.00

Lindt Bugs & Bees Pouch Bag 98g on special
Lindt Bugs & Bees Pouch Bag
98g on special
$6.50
save
$2.00
98g $6.63 per 100G
Unit Price
Add
1
for $6.50

Lindt Milk Mini Eggs 390g on special
Lindt Milk Mini Eggs
390g on special
buy any 2 for $24.00
Any 2
$ 24
regular price
$24.00 ea
each
390g $6.15 per 100G
Unit Price
Any 2 for $24.00 ...

Cadbury Caramello Easter Eggs Bag 117g on special
Cadbury Caramello Easter Eggs Bag
117g on special
$3.00
save
$2.00
117g $2.56 per 100G
Unit Price
Add
1
for $3.00"	['/wcsstore/Coles-CAS/images/8/8/1/8815937-th.jpg', '/wcsstore/Coles-CAS/images/8/8/1/8815937_B-th.jpg']
Lindt	Mini Gold Bunny 5 Pack	$ 6 .00	50g	$12.00 per 100G	"Nutrition Facts
Serving size: 1 serving = 10g
Qty
Quantity
per serving Qty
Quantity
per 100g / 100ml %
Percentage
daily intake*
Energy 238kJ 2380kJ
Not provided
Protein 0.7g 7.4g
Not provided
Total Fat 3.7g 37.0g
Not provided
Saturated Fat 2.2g 22.0g
Not provided
Carbohydrate 5.1g 51.0g
Not provided
Sugars 5.0g 50.0g
Not provided
Sodium 8mg 80mg
Not provided
*Percentage Daily Intake per serving. Percentage Daily Intakes are based on an average adult diet of 8700 kJ. Your daily intakes may be higher or lower depending on your energy needs.
Disclaimer:
Product details, including nutritional information and country of origin, may change from time to time and so the product you receive in your order may not reflect the information on this page. Please check the packaging on any product you purchase and if it's not what you expected, feel free to return it for a full refund.
Details
Ingredients:
Sugar, Cocoa Butter, Whole Milk Powder, Cocoa Mass, Lactose, Skim Milk Powder, Emulsifier (Soy Lecithin), Barley Malt Extract, Flavouring.
Contains:
Milk Chocolate contains: Cocoa Solids 30% min., Milk Solids 18% min.
Allergen:
May Be Present Tree Nuts
Servings Per Pack:
5.0
Storage Instructions:
Store in a cool and dry place.
Size:
5 Pack (50g)
Warning:
Quality Guarantee Chocoladefabriken Lindt & Sprngli AG Kilchberg / Switzerland
Code: 3136756P
3 1 3 6 7 5 6 P
Customers also purchased
Maltesers Easter Chocolate Mini Bunnies & Eggs Share Bag 220g on special
Maltesers Easter Chocolate Mini Bunnies & Eggs Share Bag
220g on special
$6.50
save
$1.50
220g $2.95 per 100G
Unit Price
Add
1
for $6.50

Nestle Kitkat Milk Choc Easter Egg Gift Box 173g on special
Nestle Kitkat Milk Choc Easter Egg Gift Box
173g on special
$8.00
save
$2.00
173g $4.62 per 100G
Unit Price
Add
1
for $8.00

Cadbury Dairy Milk Easter Gift Box 176g
Cadbury Dairy Milk Easter Gift Box
176g
$10.00
176g $5.68 per 100G
Unit Price
Add
1
for $10.00

Nestle Milkybar White Chocolate Easter Egg Gift Box 168g on special
Nestle Milkybar White Chocolate Easter Egg Gift Box
168g on special
$8.00
save
$2.00
168g $4.76 per 100G
Unit Price
Add
1
for $8.00"	[]
Sweet William	Hollow Chocolate Bunny	$ 12 .60	120g	$10.50 per 100G	"Nutrition Facts
Serving size: 1 serving = 20g
Qty
Quantity
per serving Qty
Quantity
per 100g / 100ml %
Percentage
daily intake*
Energy 456kJ 2280kJ
Not provided
Protein 1.6g 8.2g
Not provided
Total Fat 6.7g 33.5g
Not provided
Saturated Fat 3.6g 18.2g
Not provided
Carbohydrate 9.6g 48.1g
Not provided
Sugars 8g 39.8g
Not provided
Sodium 2mg 12mg
Not provided
*Percentage Daily Intake per serving. Percentage Daily Intakes are based on an average adult diet of 8700 kJ. Your daily intakes may be higher or lower depending on your energy needs.
Disclaimer:
Product details, including nutritional information and country of origin, may change from time to time and so the product you receive in your order may not reflect the information on this page. Please check the packaging on any product you purchase and if it's not what you expected, feel free to return it for a full refund.
Details
Country of Origin:
Made in Australia from local and imported ingredients
Ingredients:
Raw Cane Sugar, Cocoa Butter (Non Dairy), Soy Flour, Cocoa Mass, Maize Maltodextrin, Cocoa Powder, Chicory Fibre, Emulsifiers (Sunflower Lecithin, E476), Natural Flavours.
Allergen:
Contains Soybean, Free From Tree Nuts, Free From Milk, Free From Gluten, Free From Egg, Free From Peanuts, Free From Cereals
Dietary:
No Preservatives, No Artificial Flavours or Colours
Servings Per Pack:
6.0
Dimensions:
228 x 113 x 75mm
Size:
120g
Code: 3946280P
3 9 4 6 2 8 0 P
Customers also purchased
Cadbury Caramilk Easter Gift Box 153g
Cadbury Caramilk Easter Gift Box
153g
$10.00
153g $6.54 per 100G
Unit Price
Add
1
for $10.00

Cadbury Creme Egg Easter Gift Box 193g
Cadbury Creme Egg Easter Gift Box
193g
$10.00
193g $5.18 per 100G
Unit Price
Add
1
for $10.00

Nestle Milkybar White Chocolate Easter Egg Gift Box 168g on special
Nestle Milkybar White Chocolate Easter Egg Gift Box
168g on special
$8.00
save
$2.00
168g $4.76 per 100G
Unit Price
Add
1
for $8.00"	[]
Nestle	After Eight Easter Bunny	$ 4 .50	85g	$5.29 per 100G	"Nutrition Facts
Serving size: 1 serving = 17 g
Qty
Quantity
per serving Qty
Quantity
per 100g / 100ml %
Percentage
daily intake*
Energy 380kJ 2240kJ
Not provided
Protein 1.1g 6.2g
Not provided
Total Fat 6.0g 35.2g
Not provided
Saturated Fat 3.4g 20.3g
Not provided
Carbohydrate 7.5g 44.4g
Not provided
Sugars 7.2g 42.1g
Not provided
Sodium Less than 1 mg 5mg
Not provided
*Percentage Daily Intake per serving. Percentage Daily Intakes are based on an average adult diet of 8700 kJ. Your daily intakes may be higher or lower depending on your energy needs.
Disclaimer:
Product details, including nutritional information and country of origin, may change from time to time and so the product you receive in your order may not reflect the information on this page. Please check the packaging on any product you purchase and if it's not what you expected, feel free to return it for a full refund.
Details
Country of Origin:
Packed in Hungary from Ingredients of Multiple Origins.
Ingredients:
Cocoa Mass, Sugar, Cocoa Butter, Emulsifier (Sunflower Lecithin), Peppermint Oil, Flavour, Milk Powder.
Contains:
Contains Milk. May contain Peanut, Tree Nut, Soy, Gluten, Wheat, Barley, Oat, Rye.
Allergen:
May Be Present Barley, May Be Present Oats, May Be Present Rye, May Be Present Soy, May Be Present Tree Nuts, May Be Present Peanuts, May Be Present Wheat, May Be Present Gluten, Contains Milk
Servings Per Pack:
5.0
Storage Instructions:
Store Cool and Dry
Size:
85 g
Code: 3646027P
3 6 4 6 0 2 7 P
Customers also purchased
Red Tulip Easter Rabbit 110g on special
Red Tulip Easter Rabbit
110g on special
buy 2 for $7.50
2 for
$ 7 .50
regular price
$5.00 ea
each
110g $4.55 per 100G
Unit Price
Add
2
for $7.50

Darrell Lea Rocklea Road Bunny 170g on special
Darrell Lea Rocklea Road Bunny
170g on special
$5.00
save
$1.50
170g $2.94 per 100G
Unit Price
Add
1
for $5.00

Cadbury Easter Bunny 150g on special
Cadbury Easter Bunny
150g on special
$5.00
save
$1.70
150g $3.33 per 100G
Unit Price
Add
1
for $5.00

Lindt Gold Bunny Dark 100g on special
Lindt Gold Bunny Dark
100g on special
$6.30
save
$1.70
100g $6.30 per 100G
Unit Price
Add
1
for $6.30"	['/wcsstore/Coles-CAS/images/3/6/4/3646027-th.jpg', '/wcsstore/Coles-CAS/images/3/6/4/3646027_L-th.jpg']
Kit Kat	Bunny	$ 4 .50	85g	$5.29 per 100G	"Nutrition Facts
Serving size: 1 serving = 17g
Qty
Quantity
per serving Qty
Quantity
per 100g / 100ml %
Percentage
daily intake*
Energy 380kJ 2240kJ
Not provided
Energy Cal 1.6g 9.4g
Not provided
Protein 9.4g 1.6g
Not provided
Total Fat 5.3g 30.9g
Not provided
Saturated Fat 3.1g 18.5g
Not provided
Carbohydrate 9.2g 54.3g
Not provided
Sugars 9.0g 52.9g
Not provided
Sodium 30mg 180mg
Not provided
*Percentage Daily Intake per serving. Percentage Daily Intakes are based on an average adult diet of 8700 kJ. Your daily intakes may be higher or lower depending on your energy needs.
Disclaimer:
Product details, including nutritional information and country of origin, may change from time to time and so the product you receive in your order may not reflect the information on this page. Please check the packaging on any product you purchase and if it's not what you expected, feel free to return it for a full refund.
Details
Country of Origin:
Made in Hungary
Ingredients:
Sugar, Milk Solids, Cocoa Butter^, Cocoa Mass^, Crisped Cereal (5%) [Wheat Flour, Sugar, Wheat Malt, Raising Agent (500), Emulsifier (Lecithin), Salt, Flavour], Emulsifier (Lecithin), Flavour. Milk chocolate contains minimum 30% cocoa solids and 26% milk solids.
Contains:
Contains Milk, Gluten, Wheat. May contain Peanut, Tree Nut, Soy.
Allergen:
May Be Present Soy, May Be Present Tree Nuts, May Be Present Peanuts, Contains Gluten, Contains Wheat, Contains Milk
Servings Per Pack:
5.0
Storage Instructions:
Store Cool and Dry
Size:
85g
Code: 5747852P
5 7 4 7 8 5 2 P
Customers also purchased
Easter Belgian Bunny Hollows 50g while stocks last product
Easter Belgian Bunny Hollows
50g while stocks last product
$2.80
50g $5.60 per 100G
Unit Price
Add
1
for $2.80

Cadbury Easter Bunny 150g on special
Cadbury Easter Bunny
150g on special
$5.00
save
$1.70
150g $3.33 per 100G
Unit Price
Add
1
for $5.00

Easter Mini Milk Bunnies Or Chicks 100g while stocks last product
Easter Mini Milk Bunnies Or Chicks
100g while stocks last product
$4.00
100g $4.00 per 100G
Unit Price
Add
1
for $4.00

Kinder Surprise Chocolate Giant Easter Bunny 160g
Kinder Surprise Chocolate Giant Easter Bunny
160g
$9.50
160g $5.94 per 100G
Unit Price
Add
1
for $9.50"	['/wcsstore/Coles-CAS/images/5/7/4/5747852-th.jpg', '/wcsstore/Coles-CAS/images/5/7/4/5747852_L-th.jpg', '/wcsstore/Coles-CAS/images/5/7/4/5747852_B-th.jpg']
Easter	Belgian Bunny Hollows	$ 2 .80	50g	$5.60 per 100G	"Disclaimer:
Product details, including nutritional information and country of origin, may change from time to time and so the product you receive in your order may not reflect the information on this page. Please check the packaging on any product you purchase and if it's not what you expected, feel free to return it for a full refund.
Details
Country of Origin:
Made in Belgium
Code: 3640698P
3 6 4 0 6 9 8 P
Customers also purchased
Kinder Chicks 35g on special twenty five percent off
Kinder Chicks
35g on special twenty five percent off
$1.50
save
$0.50
35g $4.29 per 100G
Unit Price
Add
1
for $1.50

Cadbury Easter Bunny 150g on special
Cadbury Easter Bunny
150g on special
$5.00
save
$1.70
150g $3.33 per 100G
Unit Price
Add
1
for $5.00

Easter Mini Milk Bunnies Or Chicks 100g while stocks last product
Easter Mini Milk Bunnies Or Chicks
100g while stocks last product
$4.00
100g $4.00 per 100G
Unit Price
Add
1
for $4.00

Kit Kat Bunny 85g new product
Kit Kat Bunny
85g new product
$4.50
85g $5.29 per 100G
Unit Price
Add
1
for $4.50"	['/wcsstore/Coles-CAS/images/3/6/4/3640698-th.jpg', '/wcsstore/Coles-CAS/images/3/6/4/3640698_L-th.jpg', '/wcsstore/Coles-CAS/images/3/6/4/3640698_R-th.jpg', '/wcsstore/Coles-CAS/images/3/6/4/3640698_B-th.jpg']
Lindt	Gold Bunny Mini	$ 1 .00	10g	$10.00 per 100G	"Nutrition Facts
Serving size: 1 serving = 10g
Qty
Quantity
per serving Qty
Quantity
per 100g / 100ml %
Percentage
daily intake*
Energy 238kJ 2380kJ
Not provided
Protein 0.7g 7.4g
Not provided
Total Fat 3.7g 37.0g
Not provided
Saturated Fat 2.2g 22.0g
Not provided
Carbohydrate 5.1g 51.0g
Not provided
Sugars 5.0g 50.0g
Not provided
Sodium 8mg 80mg
Not provided
*Percentage Daily Intake per serving. Percentage Daily Intakes are based on an average adult diet of 8700 kJ. Your daily intakes may be higher or lower depending on your energy needs.
Disclaimer:
Product details, including nutritional information and country of origin, may change from time to time and so the product you receive in your order may not reflect the information on this page. Please check the packaging on any product you purchase and if it's not what you expected, feel free to return it for a full refund.
Details
Country of Origin:
Manufactured in Germany
Ingredients:
Sugar, Cocoa Butter, Whole Milk Powder, Cocoa Mass, Lactose, Skim Milk Powder, Emulsifier 9Soy Lecithin), Barley Malt Extract, Flavouring.
Contains:
Milk Chocolate contains: Cocoa Solids 30% min., Milk Solids 18% min.
Allergen:
May Be Present Tree Nuts
Servings Per Pack:
100.0
Storage Instructions:
Highly meltable. Keep cool. Store in a cool and dry place.
Size:
10g 100 Pack
Warning:
Quality Guarantee Chocoladefabriken Lindt & Sprngli AG Kilchberg / Switzerland
Code: 1146726P
1 1 4 6 7 2 6 P
Customers also purchased
Cadbury Easter Crme Egg 40g on special
Cadbury Easter Crme Egg
40g on special
buy any 2 for $3.00
Any 2
$ 3
regular price
$2.00 ea
each
40g $5.00 per 100G
Unit Price
Any 2 for $3.00 ...

Cadbury Marvellous Creations Easter Bunny 33g on special
Cadbury Marvellous Creations Easter Bunny
33g on special
buy any 2 for $3.00
Any 2
$ 3
regular price
$2.00 ea
each
33g $6.06 per 100G
Unit Price
Any 2 for $3.00 ..."	[]
Cadbury	Easter Bunny Tin	$ 8 .00	164g	$4.88 per 100G	"Nutrition Facts
Serving size: 1 serving = 25g
Qty
Quantity
per serving Qty
Quantity
per 100g / 100ml %
Percentage
daily intake*
Energy 516 KJ 2070 KJ 0
Energy Cal 0 0 0
Protein 1.5 G 6 G 0
Total Fat 6.1 G 24.6 G 0
Saturated Fat 3.7 G 14.7 G 0
Trans 0 0 0
Polyunsaturated 0 0 0
Mono Unsaturated 0 0 0
Carbohydrate 15.3 G 61.2 G 0
Sugars 14.1 G 56.3 G 0
Dietary Fibre Total 0 0 0
Sodium 17 MG 68 MG 0
*Percentage Daily Intake per serving. Percentage Daily Intakes are based on an average adult diet of 8700 kJ. Your daily intakes may be higher or lower depending on your energy needs.
Disclaimer:
Product details, including nutritional information and country of origin, may change from time to time and so the product you receive in your order may not reflect the information on this page. Please check the packaging on any product you purchase and if it's not what you expected, feel free to return it for a full refund.
Details
Country of Origin:
Made In Australia.
Ingredients:
DAIRY MILK MILK CHOCOLATE EGGS INGREDIENTS: FULL CREAM MILK, SUGAR, COCOA BUTTER, COCOA MASS, MILK SOLIDS, EMULSIFIERS (SOY LECITHIN, 476), FLAVOURS. MILK CHOCOLATE CONTAINS COCOA SOLIDS 28%, MILK SOLIDS MINIMUM 24%. MARSHMALLOW EGGS PRODUCT CONTAINS MARSHMALLOW (65%), MILK CHOCOLATE (35%). INGREDIENTS: SUGAR, GLUCOSE SYRUP, INVERT SUGAR, MILK SOLIDS, WATER, COCOA BUTTER, COCOA MASS, GELATINE, EMULSIFIERS (SOY LECITHIN, 476), COLOURS (100, 160a), FLAVOURS, CORNSTARCH. MILK CHOCOLATE CONTAINS COCOA SOLIDS 26%, MILK SOLIDS 23%.
Contains:
Dairy Milk Milk Chocolate Solid Eggs Milk Chocolate Contains Cocoa Solids 28%, Milk Solids Minimum 24%. Milk And Soy. Marshmallow Eggs - Contains: Marshmallow (65%), Milk Chocolate (35%). Milk Chocolate Contains Cocoa Solids 26%, Milk Solids 23%. Milk And Soy.
Allergen:
May Be Present Tree Nuts, May Be Present Peanuts, Contains Soy, Contains Milk
Servings Per Pack:
6.56
Storage Instructions:
PLEASE STORE IN COOL, DRY CONDITIONS.
Size:
164g
Code: 3956590P
3 9 5 6 5 9 0 P
Customers also purchased
Cadbury Caramilk Easter Gift Box 153g
Cadbury Caramilk Easter Gift Box
153g
$10.00
153g $6.54 per 100G
Unit Price
Add
1
for $10.00

Cadbury Humpty Easter Gift Box 130g on special
Cadbury Humpty Easter Gift Box
130g on special
buy any 2 for $10.00
Any 2
$ 10
regular price
$7.00 ea
each
130g $5.38 per 100G
Unit Price
Any 2 for $10.00 ...

Kit Kat Milo Gift Box 165g on special
Kit Kat Milo Gift Box
165g on special
$8.00
save
$2.00
165g $4.85 per 100G
Unit Price
Add
1
for $8.00

Celebrations Milk Chocolate Easter Egg 165g new product
Celebrations Milk Chocolate Easter Egg
165g new product
$10.00
165g $6.06 per 100G
Unit Price
Add
1
for $10.00"	['/wcsstore/Coles-CAS/images/3/9/5/3956590-th.jpg', '/wcsstore/Coles-CAS/images/3/9/5/3956590_B-th.jpg']
Lindt	Plush Bunny	$ 17 .00	50g	$34.00 per 100G	"Nutrition Facts
Serving size: 1 serving = 10g
Qty
Quantity
per serving Qty
Quantity
per 100g / 100ml %
Percentage
daily intake*
Energy 239 2390
Not provided
Protein 0.7g 6.6g
Not provided
Total Fat 3.8g 38.0g
Not provided
Saturated Fat 2.4g 24.0g
Not provided
Carbohydrate 5.1g 51.0g
Not provided
Sugars 5.1g 51.0g
Not provided
Sodium 8mg 81mg
Not provided
*Percentage Daily Intake per serving. Percentage Daily Intakes are based on an average adult diet of 8700 kJ. Your daily intakes may be higher or lower depending on your energy needs.
Disclaimer:
Product details, including nutritional information and country of origin, may change from time to time and so the product you receive in your order may not reflect the information on this page. Please check the packaging on any product you purchase and if it's not what you expected, feel free to return it for a full refund.
Details
Country of Origin:
Eggs manufactured in
Allergen:
May Be Present Tree Nuts, May Be Present Peanuts
Servings Per Pack:
5.0
Size:
50g
Code: 3645625P
3 6 4 5 6 2 5 P"	[]
Lindt	Easter Gold Bunny & Egg	$ 26 .00	240g	$10.83 per 100G	"Nutrition Facts
Serving size: 1 serving = 25g
Qty
Quantity
per serving Qty
Quantity
per 100g / 100ml %
Percentage
daily intake*
Energy 586kJ 2340kJ
Not provided
Protein 1.6g 6.3g
Not provided
Total Fat 9.1g 36.2g
Not provided
Saturated Fat 5.6g 22.5g
Not provided
Carbohydrate 12.9g 51.8g
Not provided
Sugars 12.9g 51.6g
Not provided
Sodium 21mg 83mg
Not provided
*Percentage Daily Intake per serving. Percentage Daily Intakes are based on an average adult diet of 8700 kJ. Your daily intakes may be higher or lower depending on your energy needs.
Disclaimer:
Product details, including nutritional information and country of origin, may change from time to time and so the product you receive in your order may not reflect the information on this page. Please check the packaging on any product you purchase and if it's not what you expected, feel free to return it for a full refund.
Details
Country of Origin:
Gold Bunny manufactured in Germany egg chocolate Manufactured in Switzerland by
Ingredients:
Sugar, cocoa butter, whole milk powder, cocoa mass, lactose, skim milk powder, barley malt extract, emulsifier (soy lecithin), flavouring.
Contains:
Milk Chocolate contains: cocoa solids 30% min., milk solids 18% min.
Allergen:
May Be Present Sesame, May Be Present Tree Nuts, May Be Present Peanuts
Servings Per Pack:
9.6
Storage Instructions:
Store in a cool and dry place.
Size:
240g
Warning:
Quality Guarantee The incomparable taste of this Lindt chocolate product is due to our using the highest quality ingredients and our traditional Swiss manufacturing know-how. This product left our factory in impeccable condition. Were it damaged on its way to you, please return it to us and we will replace it. Chocoladefabriken Lindt & Sprngli AG Kilchberg / Switzerland
Code: 3407398P
3 4 0 7 3 9 8 P"	[]
Cadbury	Dairy Milk Easter Eggs Bag	$ 6 .00	243g	$2.47 per 100G	"Nutrition Facts
Serving size: 1 serving = 25g
Qty
Quantity
per serving Qty
Quantity
per 100g / 100ml %
Percentage
daily intake*
Energy 564 kJ 2260 kJ 0
Energy Cal 0 0 0
Protein 1.9 g 7.7 g 0
Total Fat 7.7 g 31 g 0
Saturated Fat 4.7 g 18.8 g 0
Trans 0 0 0
Polyunsaturated 0 0 0
Mono Unsaturated 0 0 0
Carbohydrate 14.1 g 56.5 g 0
Sugars 13.8 g 55.2 g 0
Dietary Fibre Total 0 0 0
Sodium 20 mg 82 mg 0
*Percentage Daily Intake per serving. Percentage Daily Intakes are based on an average adult diet of 8700 kJ. Your daily intakes may be higher or lower depending on your energy needs.
Disclaimer:
Product details, including nutritional information and country of origin, may change from time to time and so the product you receive in your order may not reflect the information on this page. Please check the packaging on any product you purchase and if it's not what you expected, feel free to return it for a full refund.
Details
Ingredients:
INGREDIENTS: FULL CREAM MILK, SUGAR, COCOA BUTTER, COCOA MASS, MILK SOLIDS, EMULSIFIERS (SOY LECITHIN, 476), FLAVOURS.
Contains:
MILK CHOCOLATE CONTAINS COCOA SOLIDS 28%, MILK SOLIDS MINIMUM 24%.
Allergen:
May Be Present Tree Nuts, May Be Present Peanuts, Contains Soy, Contains Milk
Servings Per Pack:
9.72
Storage Instructions:
PLEASE STORE IN COOL, DRY CONDITIONS.
Size:
243g
Warning:
The equivalent of a glass and a half of full cream milk in every 200g of Cadbury Dairy Milk milk chocolate.
Code: 5443596P
5 4 4 3 5 9 6 P
Customers also purchased
Cadbury Caramilk Easter Eggs Bag 235g on special
Cadbury Caramilk Easter Eggs Bag
235g on special
$6.00
save
$3.00
235g $2.55 per 100G
Unit Price
Add
1
for $6.00

Cadbury Creme Eggs Minis Easter Bag 110g on special
Cadbury Creme Eggs Minis Easter Bag
110g on special
$3.00
save
$2.00
110g $2.73 per 100G
Unit Price
Add
1
for $3.00

Cadbury Creme Egg 6-Pack Easter Eggs Bag 240g on special
Cadbury Creme Egg 6-Pack Easter Eggs Bag
240g on special
$6.00
save
$2.00
240g $2.50 per 100G
Unit Price
Add
1
for $6.00

Cadbury Selections Easter Eggs Bag 230g on special
Cadbury Selections Easter Eggs Bag
230g on special
$6.00
save
$3.00
230g $2.61 per 100G
Unit Price
Add
1
for $6.00"	['/wcsstore/Coles-CAS/images/5/4/4/5443596-th.jpg', '/wcsstore/Coles-CAS/images/5/4/4/5443596_B-th.jpg']
Cadbury	Mini Eggs Easter Eggs Bag	$ 3 .00	125g	$2.40 per 100G	"Nutrition Facts
Serving size: 1 serving = 25g
Qty
Quantity
per serving Qty
Quantity
per 100g / 100ml %
Percentage
daily intake*
Energy 516 kJ 2060 kJ 0
Energy Cal 0 0 0
Protein 1 g 4.2 g 0
Total Fat 5.3 g 21.2 g 0
Saturated Fat 3.1 g 12.3 g 0
Trans 0 0 0
Polyunsaturated 0 0 0
Mono Unsaturated 0 0 0
Carbohydrate 17.5 g 70.2 g 0
Sugars 17.3 g 69.2 g 0
Dietary Fibre Total 0 0 0
Sodium 17 mg 66 mg 0
*Percentage Daily Intake per serving. Percentage Daily Intakes are based on an average adult diet of 8700 kJ. Your daily intakes may be higher or lower depending on your energy needs.
Disclaimer:
Product details, including nutritional information and country of origin, may change from time to time and so the product you receive in your order may not reflect the information on this page. Please check the packaging on any product you purchase and if it's not what you expected, feel free to return it for a full refund.
Details
Country of Origin:
Made in New Zealand from Imported and Local Ingredients
Ingredients:
PRODUCT CONTAINS MILK CHOCOLATE (75%).INGREDIENTS: SUGAR, MILK SOLIDS, COCOA BUTTER, COCOA MASS, VEGETABLE OIL, VEGETABLE FAT, MODIFIED STARCH (1422, 1400), EMULSIFIERS (442, 476), FLAVOURS, MALTODEXTRIN, COLOURS (163, 162, 160a, 160c).
Contains:
MILK CHOCOLATE CONTAINS COCOA SOLIDS 24%, MILK SOLIDS 22%.
Allergen:
Contains Milk
Servings Per Pack:
5.0
Storage Instructions:
PLEASE STORE IN COOL, DRY CONDITIONS.
Size:
125g
Warning:
CHOKING WARNING: NOT SUITABLE FOR CHILDREN UNDER 4
Code: 1635416P
1 6 3 5 4 1 6 P
Customers also purchased
Cadbury Oreo Easter Eggs Bag 112g on special
Cadbury Oreo Easter Eggs Bag
112g on special
$3.00
save
$2.00
112g $2.68 per 100G
Unit Price
Add
1
for $3.00

Cadbury Creme Eggs Minis Easter Bag 110g on special
Cadbury Creme Eggs Minis Easter Bag
110g on special
$3.00
save
$2.00
110g $2.73 per 100G
Unit Price
Add
1
for $3.00

Cadbury Caramello Easter Eggs Bag 117g on special
Cadbury Caramello Easter Eggs Bag
117g on special
$3.00
save
$2.00
117g $2.56 per 100G
Unit Price
Add
1
for $3.00

Cadbury Dairy Milk Easter Eggs Bag 114g on special
Cadbury Dairy Milk Easter Eggs Bag
114g on special
$3.00
save
$2.00
114g $2.63 per 100G
Unit Price
Add
1
for $3.00"	['/wcsstore/Coles-CAS/images/1/6/3/1635416-th.jpg', '/wcsstore/Coles-CAS/images/1/6/3/1635416_B-th.jpg']
Cadbury	Dairy Milk Easter Eggs Bag	$ 3 .00	114g	$2.63 per 100G	"Nutrition Facts
Serving size: 1 serving = 25g
Qty
Quantity
per serving Qty
Quantity
per 100g / 100ml %
Percentage
daily intake*
Energy 564 kJ 2260 kJ 0
Energy Cal 0 0 0
Protein 1.9 g 7.7 g 0
Total Fat 7.7 g 31 g 0
Saturated Fat 4.7 g 18.8 g 0
Trans 0 0 0
Polyunsaturated 0 0 0
Mono Unsaturated 0 0 0
Carbohydrate 14.1 g 56.5 g 0
Sugars 13.8 g 55.2 g 0
Dietary Fibre Total 0 0 0
Sodium 20 mg 82 mg 0
*Percentage Daily Intake per serving. Percentage Daily Intakes are based on an average adult diet of 8700 kJ. Your daily intakes may be higher or lower depending on your energy needs.
Disclaimer:
Product details, including nutritional information and country of origin, may change from time to time and so the product you receive in your order may not reflect the information on this page. Please check the packaging on any product you purchase and if it's not what you expected, feel free to return it for a full refund.
Details
Ingredients:
INGREDIENTS: FULL CREAM MILK, SUGAR, COCOA BUTTER, COCOA MASS, MILK SOLIDS, EMULSIFIERS (SOY LECITHIN, 476), FLAVOURS.
Contains:
MILK CHOCOLATE CONTAINS COCOA SOLIDS 28%, MILK SOLIDS MINIMUM 24%.
Allergen:
May Be Present Tree Nuts, May Be Present Peanuts, Contains Soy, Contains Milk
Servings Per Pack:
4.56
Storage Instructions:
PLEASE STORE IN COOL, DRY CONDITIONS.
Size:
114g
Warning:
The equivalent of a glass and a half of full cream milk in every 200g of Cadbury Dairy Milk milk chocolate.
Code: 4885191P
4 8 8 5 1 9 1 P
Customers also purchased
Cadbury Crunchie Easter Eggs Bag 110g on special
Cadbury Crunchie Easter Eggs Bag
110g on special
$3.00
save
$2.00
110g $2.73 per 100G
Unit Price
Add
1
for $3.00

Cadbury Caramilk Easter Eggs Bag 113g on special
Cadbury Caramilk Easter Eggs Bag
113g on special
$3.00
save
$2.00
113g $2.65 per 100G
Unit Price
Add
1
for $3.00

Cadbury Oreo Easter Eggs Bag 112g on special
Cadbury Oreo Easter Eggs Bag
112g on special
$3.00
save
$2.00
112g $2.68 per 100G
Unit Price
Add
1
for $3.00

Cadbury Caramello Easter Eggs Bag 117g on special
Cadbury Caramello Easter Eggs Bag
117g on special
$3.00
save
$2.00
117g $2.56 per 100G
Unit Price
Add
1
for $3.00"	['/wcsstore/Coles-CAS/images/4/8/8/4885191-th.jpg', '/wcsstore/Coles-CAS/images/4/8/8/4885191_B-th.jpg']
Cadbury	Oreo Easter Eggs Bag	$ 3 .00	112g	$2.68 per 100G	"Nutrition Facts
Serving size: 1 serving = 25g
Qty
Quantity
per serving Qty
Quantity
per 100g / 100ml %
Percentage
daily intake*
Energy 599 kJ 2400 kJ 0
Energy Cal 0 0 0
Protein 1.4 g 5.6 g 0
Total Fat 9.4 g 37.7 g 0
Saturated Fat 5.3 g 21 g 0
Trans 0 0 0
Polyunsaturated 0 0 0
Mono Unsaturated 0 0 0
Carbohydrate 13.1 g 52.5 g 0
Sugars 12.6 g 50.3 g 0
Dietary Fibre Total 0 0 0
Sodium 29 mg 117 mg 0
*Percentage Daily Intake per serving. Percentage Daily Intakes are based on an average adult diet of 8700 kJ. Your daily intakes may be higher or lower depending on your energy needs.
Disclaimer:
Product details, including nutritional information and country of origin, may change from time to time and so the product you receive in your order may not reflect the information on this page. Please check the packaging on any product you purchase and if it's not what you expected, feel free to return it for a full refund.
Details
Ingredients:
PRODUCT CONTAINS MILK CHOCOLATE (48%), VANILLA FLAVOURED CREME (46%), OREO BISCUIT PIECES (4.1%).INGREDIENTS: FULL CREAM MILK, SUGAR, VEGETABLE FAT, MILK SOLIDS, COCOA MASS, COCOA BUTTER, BISCUIT PIECES (WHEAT FLOUR, SUGAR, VEGETABLE OIL, COCOA POWDER, GLUCOSE FRUCTOSE SYRUP, WHEAT STARCH, SALT, RAISING AGENTS (503, 500), ACIDITY REGULATOR (501), EMULSIFIERS (SOY LECITHIN, SUNFLOWER LECITHIN), FLAVOUR, ANTIOXIDANTS (307b, 304)), EMULSIFIERS (442, SOY LECITHIN, 476, SUNFLOWER LECITHIN), FLAVOURS.
Contains:
MILK CHOCOLATE CONTAINS COCOA SOLIDS 23%, MILK SOLIDS 23%.
Allergen:
May Be Present Tree Nuts, Contains Gluten, Contains Soy, Contains Wheat, Contains Milk
Servings Per Pack:
4.48
Storage Instructions:
PLEASE STORE IN COOL, DRY CONDITIONS.
Size:
112g
Code: 2799011P
2 7 9 9 0 1 1 P
Customers also purchased
Cadbury Crunchie Easter Eggs Bag 110g on special
Cadbury Crunchie Easter Eggs Bag
110g on special
$3.00
save
$2.00
110g $2.73 per 100G
Unit Price
Add
1
for $3.00

Cadbury Creme Eggs Minis Easter Bag 110g on special
Cadbury Creme Eggs Minis Easter Bag
110g on special
$3.00
save
$2.00
110g $2.73 per 100G
Unit Price
Add
1
for $3.00

Cadbury Turkish Delight Easter Eggs Bag 117g on special
Cadbury Turkish Delight Easter Eggs Bag
117g on special
$3.00
save
$2.00
117g $2.56 per 100G
Unit Price
Add
1
for $3.00

Cadbury Caramello Easter Eggs Bag 117g on special
Cadbury Caramello Easter Eggs Bag
117g on special
$3.00
save
$2.00
117g $2.56 per 100G
Unit Price
Add
1
for $3.00"	['/wcsstore/Coles-CAS/images/2/7/9/2799011-th.jpg', '/wcsstore/Coles-CAS/images/2/7/9/2799011_B-th.jpg']
Cadbury	Turkish Delight Easter Eggs Bag	$ 3 .00	117g	$2.56 per 100G	"Nutrition Facts
Serving size: 1 serving = 25g
Qty
Quantity
per serving Qty
Quantity
per 100g / 100ml %
Percentage
daily intake*
Energy 500 kJ 2000 kJ 0
Energy Cal 0 0 0
Protein 0 g 2.1 g 0
Total Fat 5.5 g 21.8 g 0
Saturated Fat 3.3 g 13.3 g 0
Trans 0 0 0
Polyunsaturated 0 0 0
Mono Unsaturated 0 0 0
Carbohydrate 16.8 g 67.3 g 0
Sugars 16.2 g 64.7 g 0
Dietary Fibre Total 0 0 0
Sodium 17 mg 68 mg 0
*Percentage Daily Intake per serving. Percentage Daily Intakes are based on an average adult diet of 8700 kJ. Your daily intakes may be higher or lower depending on your energy needs.
Disclaimer:
Product details, including nutritional information and country of origin, may change from time to time and so the product you receive in your order may not reflect the information on this page. Please check the packaging on any product you purchase and if it's not what you expected, feel free to return it for a full refund.
Details
Ingredients:
PRODUCT CONTAINS MILK CHOCOLATE (75%), TURKISH DELIGHT JELLY CENTRE (25%).INGREDIENTS: SUGAR, MILK SOLIDS, COCOA BUTTER, COCOA MASS, INVERT SUGAR, GLUCOSE SYRUP, EMULSIFIERS (SOY LECITHIN, 476), GELLING AGENTS (440, 341), ACIDITY REGULATORS (330, 331, 450), FLAVOURS, COLOUR (160c).
Contains:
MILK CHOCOLATE CONTAINS COCOA SOLIDS 26%, MILK SOLIDS 23%.
Allergen:
May Be Present Tree Nuts, May Be Present Peanuts, Contains Soy, Contains Milk
Servings Per Pack:
4.68
Storage Instructions:
PLEASE STORE IN COOL, DRY CONDITIONS.
Size:
117g
Code: 6070621P
6 0 7 0 6 2 1 P
Customers also purchased
Cadbury Mint Easter Eggs Bag 115g on special
Cadbury Mint Easter Eggs Bag
115g on special
$3.00
save
$2.00
115g $2.61 per 100G
Unit Price
Add
1
for $3.00

Cadbury Oreo Easter Eggs Bag 112g on special
Cadbury Oreo Easter Eggs Bag
112g on special
$3.00
save
$2.00
112g $2.68 per 100G
Unit Price
Add
1
for $3.00

Cadbury Caramello Easter Eggs Bag 117g on special
Cadbury Caramello Easter Eggs Bag
117g on special
$3.00
save
$2.00
117g $2.56 per 100G
Unit Price
Add
1
for $3.00

Cadbury Strawberry Easter Eggs Bag 118g on special
Cadbury Strawberry Easter Eggs Bag
118g on special
$3.00
save
$2.00
118g $2.54 per 100G
Unit Price
Add
1
for $3.00"	['/wcsstore/Coles-CAS/images/6/0/7/6070621-th.jpg', '/wcsstore/Coles-CAS/images/6/0/7/6070621_B-th.jpg']
Cadbury	Creme Eggs Minis Easter Bag	$ 3 .00	110g	$2.73 per 100G	"Nutrition Facts
Serving size: 1 serving = 25g
Qty
Quantity
per serving Qty
Quantity
per 100g / 100ml %
Percentage
daily intake*
Energy 499 kJ 2000 kJ 0
Energy Cal 0 0 0
Protein 0 g 1.9 g 0
Total Fat 5.1 g 20.3 g 0
Saturated Fat 3.1 g 12.4 g 0
Trans 0 0 0
Polyunsaturated 0 0 0
Mono Unsaturated 0 0 0
Carbohydrate 17.6 g 70.6 g 0
Sugars 16.9 g 67.5 g 0
Dietary Fibre Total 0 0 0
Sodium 15 mg 59 mg 0
*Percentage Daily Intake per serving. Percentage Daily Intakes are based on an average adult diet of 8700 kJ. Your daily intakes may be higher or lower depending on your energy needs.
Disclaimer:
Product details, including nutritional information and country of origin, may change from time to time and so the product you receive in your order may not reflect the information on this page. Please check the packaging on any product you purchase and if it's not what you expected, feel free to return it for a full refund.
Details
Ingredients:
PRODUCT CONTAINS MILK CHOCOLATE (70%), FONDANT CENTRE (30%).INGREDIENTS: SUGAR, MILK SOLIDS, COCOA BUTTER, COCOA MASS, INVERT SUGAR, GLUCOSE SYRUP, EMULSIFIERS (SOY LECITHIN, 476), HUMECTANT (422), PRESERVATIVE (202), FOOD ACID (260), FLAVOURS, COLOUR (100).
Contains:
MILK CHOCOLATE CONTAINS COCOA SOLIDS 26%, MILK SOLIDS 23%.
Allergen:
May Be Present Tree Nuts, May Be Present Peanuts, Contains Soy, Contains Milk
Servings Per Pack:
4.4
Storage Instructions:
PLEASE STORE IN COOL, DRY CONDITIONS.
Size:
110g
Warning:
NOT ALL VARIETIES OF THIS PRODUCT HAVE THE SAME ALLERGENS Not all varieties of this product have the same allergens. More information at cadbury.com.au, cadbury.co.nz
Code: 7283898P
7 2 8 3 8 9 8 P
Customers also purchased
Cadbury Crunchie Easter Eggs Bag 110g on special
Cadbury Crunchie Easter Eggs Bag
110g on special
$3.00
save
$2.00
110g $2.73 per 100G
Unit Price
Add
1
for $3.00

Cadbury Oreo Easter Eggs Bag 112g on special
Cadbury Oreo Easter Eggs Bag
112g on special
$3.00
save
$2.00
112g $2.68 per 100G
Unit Price
Add
1
for $3.00

Cadbury Turkish Delight Easter Eggs Bag 117g on special
Cadbury Turkish Delight Easter Eggs Bag
117g on special
$3.00
save
$2.00
117g $2.56 per 100G
Unit Price
Add
1
for $3.00

Cadbury Caramello Easter Eggs Bag 117g on special
Cadbury Caramello Easter Eggs Bag
117g on special
$3.00
save
$2.00
117g $2.56 per 100G
Unit Price
Add
1
for $3.00"	[]
Cadbury	Caramello Easter Eggs Bag	$ 3 .00	117g	$2.56 per 100G	"Nutrition Facts
Serving size: 1 serving = 25g
Qty
Quantity
per serving Qty
Quantity
per 100g / 100ml %
Percentage
daily intake*
Energy 510 kJ 2040 kJ 0
Energy Cal 0 0 0
Protein 1.5 g 5.8 g 0
Total Fat 6.2 g 24.7 g 0
Saturated Fat 3.7 g 14.9 g 0
Trans 0 0 0
Polyunsaturated 0 0 0
Mono Unsaturated 0 0 0
Carbohydrate 14.9 g 59.7 g 0
Sugars 12.4 g 49.5 g 0
Dietary Fibre Total 0 0 0
Sodium 26 mg 104 mg 0
*Percentage Daily Intake per serving. Percentage Daily Intakes are based on an average adult diet of 8700 kJ. Your daily intakes may be higher or lower depending on your energy needs.
Disclaimer:
Product details, including nutritional information and country of origin, may change from time to time and so the product you receive in your order may not reflect the information on this page. Please check the packaging on any product you purchase and if it's not what you expected, feel free to return it for a full refund.
Details
Ingredients:
PRODUCT CONTAINS MILK CHOCOLATE (70%), CARAMEL (30%).INGREDIENTS: FULL CREAM MILK, SUGAR, GLUCOSE SYRUP, COCOA BUTTER, COCOA MASS, MILK SOLIDS, SWEETENED CONDENSED MILK (MILK, SUGAR), VEGETABLE FAT, INVERT SUGAR, EMULSIFIERS (SOY LECITHIN, 476, 471), ACIDITY REGULATOR (331), FLAVOURS, SALT.
Contains:
MILK CHOCOLATE CONTAINS COCOA SOLIDS 28%, MILK SOLIDS MINIMUM 24%.
Allergen:
May Be Present Tree Nuts, May Be Present Peanuts, Contains Soy, Contains Milk
Servings Per Pack:
4.68
Storage Instructions:
PLEASE STORE IN COOL, DRY CONDITIONS.
Size:
117g
Code: 4885431P
4 8 8 5 4 3 1 P
Customers also purchased
Cadbury Crunchie Easter Eggs Bag 110g on special
Cadbury Crunchie Easter Eggs Bag
110g on special
$3.00
save
$2.00
110g $2.73 per 100G
Unit Price
Add
1
for $3.00

Cadbury Oreo Easter Eggs Bag 112g on special
Cadbury Oreo Easter Eggs Bag
112g on special
$3.00
save
$2.00
112g $2.68 per 100G
Unit Price
Add
1
for $3.00

Cadbury Creme Eggs Minis Easter Bag 110g on special
Cadbury Creme Eggs Minis Easter Bag
110g on special
$3.00
save
$2.00
110g $2.73 per 100G
Unit Price
Add
1
for $3.00

Cadbury Turkish Delight Easter Eggs Bag 117g on special
Cadbury Turkish Delight Easter Eggs Bag
117g on special
$3.00
save
$2.00
117g $2.56 per 100G
Unit Price
Add
1
for $3.00"	['/wcsstore/Coles-CAS/images/4/8/8/4885431-th.jpg', '/wcsstore/Coles-CAS/images/4/8/8/4885431_B-th.jpg']
Cadbury	Crunchie Easter Eggs Bag	$ 3 .00	110g	$2.73 per 100G	"Nutrition Facts
Serving size: 1 serving = 25g
Qty
Quantity
per serving Qty
Quantity
per 100g / 100ml %
Percentage
daily intake*
Energy 547 kJ 2190 kJ 0
Energy Cal 0 0 0
Protein 0 g 2.6 g 0
Total Fat 6.8 g 27.3 g 0
Saturated Fat 4.2 g 16.6 g 0
Trans 0 0 0
Polyunsaturated 0 0 0
Mono Unsaturated 0 0 0
Carbohydrate 16.5 g 65.9 g 0
Sugars 15.9 g 63.4 g 0
Dietary Fibre Total 0 0 0
Sodium 22 mg 86 mg 0
*Percentage Daily Intake per serving. Percentage Daily Intakes are based on an average adult diet of 8700 kJ. Your daily intakes may be higher or lower depending on your energy needs.
Disclaimer:
Product details, including nutritional information and country of origin, may change from time to time and so the product you receive in your order may not reflect the information on this page. Please check the packaging on any product you purchase and if it's not what you expected, feel free to return it for a full refund.
Details
Ingredients:
PRODUCT CONTAINS MILK CHOCOLATE (94%), CRUNCHIE PIECES (6%).INGREDIENTS: SUGAR, MILK SOLIDS, COCOA BUTTER, COCOA MASS, CRUNCHIE PIECES (SUGAR, GLUCOSE SYRUP, RAISING AGENT (500), HYDROLYSED MILK PROTEIN), EMULSIFIERS (SOY LECITHIN, 476), FLAVOURS.
Contains:
MILK CHOCOLATE CONTAINS COCOA SOLIDS 26%, MILK SOLIDS 23%.
Allergen:
May Be Present Tree Nuts, May Be Present Peanuts, May Be Present Wheat, May Be Present Gluten, Contains Soy, Contains Milk
Servings Per Pack:
4.4
Storage Instructions:
PLEASE STORE IN COOL, DRY CONDITIONS.
Size:
110g
Code: 6054002P
6 0 5 4 0 0 2 P
Customers also purchased
Cadbury Caramilk Easter Eggs Bag 113g on special
Cadbury Caramilk Easter Eggs Bag
113g on special
$3.00
save
$2.00
113g $2.65 per 100G
Unit Price
Add
1
for $3.00

Cadbury Oreo Easter Eggs Bag 112g on special
Cadbury Oreo Easter Eggs Bag
112g on special
$3.00
save
$2.00
112g $2.68 per 100G
Unit Price
Add
1
for $3.00

Cadbury Creme Eggs Minis Easter Bag 110g on special
Cadbury Creme Eggs Minis Easter Bag
110g on special
$3.00
save
$2.00
110g $2.73 per 100G
Unit Price
Add
1
for $3.00

Cadbury Caramello Easter Eggs Bag 117g on special
Cadbury Caramello Easter Eggs Bag
117g on special
$3.00
save
$2.00
117g $2.56 per 100G
Unit Price
Add
1
for $3.00"	['/wcsstore/Coles-CAS/images/6/0/5/6054002-th.jpg', '/wcsstore/Coles-CAS/images/6/0/5/6054002_B-th.jpg']
Cadbury	Marshmallow Easter Egg	$ 1 .00	35g	$2.86 per 100G	"Nutrition Facts
Serving size: 1 serving = 35g
Qty
Quantity
per serving Qty
Quantity
per 100g / 100ml %
Percentage
daily intake*
Energy 568 kJ 1620 kJ 0
Energy Cal 0 0 0
Protein
Less than
< 1.0 g 2.4 g 0
Total Fat 3.1 g 8.8 g 0
Saturated Fat 1.9 g 5.4 g 0
Trans 0 0 0
Polyunsaturated 0 0 0
Mono Unsaturated 0 0 0
Carbohydrate 25.7 g 73.5 g 0
Sugars 20.8 g 59.5 g 0
Dietary Fibre Total 0 0 0
Sodium 12 mg 33 mg 0
*Percentage Daily Intake per serving. Percentage Daily Intakes are based on an average adult diet of 8700 kJ. Your daily intakes may be higher or lower depending on your energy needs.
Disclaimer:
Product details, including nutritional information and country of origin, may change from time to time and so the product you receive in your order may not reflect the information on this page. Please check the packaging on any product you purchase and if it's not what you expected, feel free to return it for a full refund.
Details
Country of Origin:
Made In Australia
Ingredients:
PRODUCT CONTAINS MARSHMALLOW (69%), MILK CHOCOLATE (31%).INGREDIENTS: SUGAR, GLUCOSE SYRUP, INVERT SUGAR, MILKSOLIDS, WATER, COCOA BUTTER, COCOA MASS, GELATINE, EMULSIFIERS (SOYLECITHIN, 476), COLOURS (100,160a), FLAVOURS, CORNSTARCH.
Contains:
MILK CHOCOLATE CONTAINS COCOA SOLIDS 26%, MILK SOLIDS 23%.
Allergen:
May Be Present Tree Nuts, May Be Present Peanuts, Contains Soy, Contains Milk
Servings Per Pack:
1.0
Storage Instructions:
PLEASE STORE IN COOL, DRY CONDITIONS.
Size:
35g
Code: 3668904P
3 6 6 8 9 0 4 P
Customers also purchased
Kinder Chicks 35g on special twenty five percent off
Kinder Chicks
35g on special twenty five percent off
$1.50
save
$0.50
35g $4.29 per 100G
Unit Price
Add
1
for $1.50

Violet Crumble Bunny 30g on special
Violet Crumble Bunny
30g on special
$1.00
save
$0.25
30g $3.33 per 100G
Unit Price
Add
1
for $1.00

Kinder Surprise Chocolate Easter Bunny Blue 75g on special twenty percent off
Kinder Surprise Chocolate Easter Bunny Blue
75g on special twenty percent off
$4.00
save
$1.00
75g $5.33 per 100G
Unit Price
Add
1
for $4.00

Red Tulip Easter Rabbit 200g on special
Red Tulip Easter Rabbit
200g on special
buy 2 for $10.00
2 for
$ 10
regular price
$8.00 ea
each
200g $4.00 per 100G
Unit Price
Add
2
for $10.00"	['/wcsstore/Coles-CAS/images/3/6/6/3668904-th.jpg', '/wcsstore/Coles-CAS/images/3/6/6/3668904_L-th.jpg', '/wcsstore/Coles-CAS/images/3/6/6/3668904_R-th.jpg', '/wcsstore/Coles-CAS/images/3/6/6/3668904_B-th.jpg']
Cadbury	Mint Easter Eggs Bag	$ 3 .00	115g	$2.61 per 100G	"Nutrition Facts
Serving size: 1 serving = 25g
Qty
Quantity
per serving Qty
Quantity
per 100g / 100ml %
Percentage
daily intake*
Energy 509 kJ 2040 kJ 0
Energy Cal 0 0 0
Protein 1.4 g 5.7 g 0
Total Fat 6.2 g 24.7 g 0
Saturated Fat 3.7 g 14.7 g 0
Trans 0 0 0
Polyunsaturated 0 0 0
Mono Unsaturated 0 0 0
Carbohydrate 14.9 g 59.6 g 0
Sugars 12.4 g 49.4 g 0
Dietary Fibre Total 0 0 0
Sodium 26 mg 104 mg 0
*Percentage Daily Intake per serving. Percentage Daily Intakes are based on an average adult diet of 8700 kJ. Your daily intakes may be higher or lower depending on your energy needs.
Disclaimer:
Product details, including nutritional information and country of origin, may change from time to time and so the product you receive in your order may not reflect the information on this page. Please check the packaging on any product you purchase and if it's not what you expected, feel free to return it for a full refund.
Details
Ingredients:
PRODUCT CONTAINS MILK CHOCOLATE (70%), PEPPERMINT FLAVOURED CENTRE (30%).INGREDIENTS: FULL CREAM MILK, SUGAR, GLUCOSE SYRUP, COCOA BUTTER, COCOA MASS, MILK SOLIDS, SWEETENED CONDENSED MILK MILK, SUGAR), VEGETABLE FAT, INVERT SUGAR, EMULSIFIERS (SOY LECITHIN, 476, 471), FLAVOURS, ACIDITY REGULATOR (331), COLOUR (141), SALT.
Contains:
MILK CHOCOLATE CONTAINS COCOA SOLIDS 28%, MILK SOLIDS MINIMUM 24%.
Allergen:
May Be Present Tree Nuts, May Be Present Peanuts, Contains Soy, Contains Milk
Servings Per Pack:
4.6
Storage Instructions:
PLEASE STORE IN COOL, DRY CONDITIONS.
Size:
115g
Code: 3654284P
3 6 5 4 2 8 4 P
Customers also purchased
Cadbury Oreo Easter Eggs Bag 112g on special
Cadbury Oreo Easter Eggs Bag
112g on special
$3.00
save
$2.00
112g $2.68 per 100G
Unit Price
Add
1
for $3.00

Cadbury Turkish Delight Easter Eggs Bag 117g on special
Cadbury Turkish Delight Easter Eggs Bag
117g on special
$3.00
save
$2.00
117g $2.56 per 100G
Unit Price
Add
1
for $3.00

Cadbury Caramello Easter Eggs Bag 117g on special
Cadbury Caramello Easter Eggs Bag
117g on special
$3.00
save
$2.00
117g $2.56 per 100G
Unit Price
Add
1
for $3.00

Cadbury Strawberry Easter Eggs Bag 118g on special
Cadbury Strawberry Easter Eggs Bag
118g on special
$3.00
save
$2.00
118g $2.54 per 100G
Unit Price
Add
1
for $3.00"	['/wcsstore/Coles-CAS/images/3/6/5/3654284-th.jpg', '/wcsstore/Coles-CAS/images/3/6/5/3654284_B-th.jpg']
Cadbury	Creme Egg 6-Pack Easter Eggs Bag	$ 6 .00	240g	$2.50 per 100G	"Nutrition Facts
Serving size: 1 serving = 40g
Qty
Quantity
per serving Qty
Quantity
per 100g / 100ml %
Percentage
daily intake*
Energy 743 kJ 1860 kJ 0
Energy Cal 0 0 0
Protein 1.2 g 3.1 g 0
Total Fat 6.2 g 15.4 g 0
Saturated Fat 3.5 g 8.8 g 0
Trans 0 0 0
Polyunsaturated 0 0 0
Mono Unsaturated 0 0 0
Carbohydrate 28.7 g 71.8 g 0
Sugars 26.1 g 65.3 g 0
Dietary Fibre Total 0 0 0
Sodium 23 mg 58 mg 0
*Percentage Daily Intake per serving. Percentage Daily Intakes are based on an average adult diet of 8700 kJ. Your daily intakes may be higher or lower depending on your energy needs.
Disclaimer:
Product details, including nutritional information and country of origin, may change from time to time and so the product you receive in your order may not reflect the information on this page. Please check the packaging on any product you purchase and if it's not what you expected, feel free to return it for a full refund.
Details
Ingredients:
PRODUCT CONTAINS MILK CHOCOLATE (53%), FONDANT CENTRE (47%).INGREDIENTS: SUGAR, MILK SOLIDS, WHEAT GLUCOSE SYRUP, COCOA BUTTER, COCOA MASS, INVERT SUGAR, VEGETABLE OIL, EMULSIFIERS (442, SOY LECITHIN), EGG ALBUMEN, FLAVOURS, COLOUR (160c).
Contains:
MILK CHOCOLATE CONTAINS COCOA SOLIDS 25%, MILK SOLIDS 21%.
Allergen:
Contains Egg, May Be Present Tree Nuts, May Be Present Peanuts, Contains Gluten, Contains Soy, Contains Wheat, Contains Milk
Servings Per Pack:
6.0
Storage Instructions:
PLEASE STORE IN COOL, DRY CONDITIONS.
Size:
240g
Warning:
NOT ALL VARIETIES OF THIS PRODUCT HAVE THE SAME ALLERGENS
Code: 7743499P
7 7 4 3 4 9 9 P
Customers also purchased
Cadbury Mini Eggs Easter Eggs Bag 125g on special
Cadbury Mini Eggs Easter Eggs Bag
125g on special
$3.00
save
$2.00
125g $2.40 per 100G
Unit Price
Add
1
for $3.00

Cadbury Caramilk Easter Eggs Bag 235g on special
Cadbury Caramilk Easter Eggs Bag
235g on special
$6.00
save
$3.00
235g $2.55 per 100G
Unit Price
Add
1
for $6.00

Cadbury Dairy Milk Easter Eggs Bag 243g on special
Cadbury Dairy Milk Easter Eggs Bag
243g on special
$6.00
save
$3.00
243g $2.47 per 100G
Unit Price
Add
1
for $6.00

Cadbury Selections Easter Eggs Bag 230g on special
Cadbury Selections Easter Eggs Bag
230g on special
$6.00
save
$3.00
230g $2.61 per 100G
Unit Price
Add
1
for $6.00"	['/wcsstore/Coles-CAS/images/7/7/4/7743499-th.jpg', '/wcsstore/Coles-CAS/images/7/7/4/7743499_B-th.jpg']
Ferrero	Rocher Hazelnut Chocolate Easter Eggs	$ 5 .00	100g	$5.00 per 100G	"Nutrition Facts
Serving size: 1 serving = 10g
Qty
Quantity
per serving Qty
Quantity
per 100g / 100ml %
Percentage
daily intake*
Energy 239kJ 2385kJ
Not provided
Protein 0.7g 7g
Not provided
Total Fat 3.8g 37.8g
Not provided
Saturated Fat 1.9g 18.9g
Not provided
Carbohydrate 5.1g 51g
Not provided
Sugars 4.6g 46.3g
Not provided
Sodium 9mg 85mg
Not provided
*Percentage Daily Intake per serving. Percentage Daily Intakes are based on an average adult diet of 8700 kJ. Your daily intakes may be higher or lower depending on your energy needs.
Disclaimer:
Product details, including nutritional information and country of origin, may change from time to time and so the product you receive in your order may not reflect the information on this page. Please check the packaging on any product you purchase and if it's not what you expected, feel free to return it for a full refund.
Details
Country of Origin:
Made in ITALY
Ingredients:
Ingredients: Milk Chocolate (52.5%) (Sugar, Milk Powder, Cocoa Butter, Cocoa Mass, Emulsifier: Lecithins (Soy), Flavouring: Vanillin), Sugar, Vegetable Oil (Palm*), Hazelnuts (9.5%), Whey Powder, Wheat Flour, Fat-Reduced Cocoa Powder, Milk Powder, Emulsifier (Lecithins) (Soy), Skim Milk Powder, Raising Agent (Sodium Bicarbonate), Flavouring (Vanillin), Salt. Milk Chocolate Contains Cocoa Solids 30.5% Min., Milk Solids 24.5% Min. Wafer: 5%. *Sustainable and segregated certified palm oil.
Contains:
Milk, Hazelnuts, Wheat (Gluten), Soy.
Allergen:
Contains Hazelnuts, Contains Gluten, Contains Soy, Contains Wheat, Contains Milk
Storage Instructions:
Store in a cool dry place, away from direct sunlight.
Size:
100g
Code: 1651536P
1 6 5 1 5 3 6 P
Customers also purchased
Ferrero Rocher Dark Chocolate Easter Eggs 100g on special
Ferrero Rocher Dark Chocolate Easter Eggs
100g on special
$5.00
save
$1.50
100g $5.00 per 100G
Unit Price
Add
1
for $5.00

Cadbury Mint Easter Eggs Bag 115g on special
Cadbury Mint Easter Eggs Bag
115g on special
$3.00
save
$2.00
115g $2.61 per 100G
Unit Price
Add
1
for $3.00

Ferrero Rocher White Easter Eggs 90g on special twenty percent off
Ferrero Rocher White Easter Eggs
90g on special twenty percent off
$6.00
save
$1.50
90g $6.67 per 100G
Unit Price
Add
1
for $6.00

Nestle Rolo Mini Eggs 110g on special
Nestle Rolo Mini Eggs
110g on special
buy any 2 for $7.00
Any 2
$ 7
regular price
$4.50 ea
each
110g $4.09 per 100G
Unit Price
Any 2 for $7.00 ..."	['/wcsstore/Coles-CAS/images/1/6/5/1651536-th.jpg', '/wcsstore/Coles-CAS/images/1/6/5/1651536_B-th.jpg']
Cadbury	Caramilk Easter Eggs Bag	$ 3 .00	113g	$2.65 per 100G	"Nutrition Facts
Serving size: 1 serving = 25g
Qty
Quantity
per serving Qty
Quantity
per 100g / 100ml %
Percentage
daily intake*
Energy 578 kJ 2310 kJ 0
Energy Cal 0 0 0
Protein 1.8 g 7.1 g 0
Total Fat 8.2 g 32.7 g 0
Saturated Fat 4.9 g 19.6 g 0
Trans 0 0 0
Polyunsaturated 0 0 0
Mono Unsaturated 0 0 0
Carbohydrate 14.4 g 57.7 g 0
Sugars 14.4 g 57.7 g 0
Dietary Fibre Total 0 0 0
Sodium 22 mg 87 mg 0
*Percentage Daily Intake per serving. Percentage Daily Intakes are based on an average adult diet of 8700 kJ. Your daily intakes may be higher or lower depending on your energy needs.
Disclaimer:
Product details, including nutritional information and country of origin, may change from time to time and so the product you receive in your order may not reflect the information on this page. Please check the packaging on any product you purchase and if it's not what you expected, feel free to return it for a full refund.
Details
Country of Origin:
Made in Australia
Ingredients:
INGREDIENTS: FULL CREAM MILK, SUGAR, COCOA BUTTER, MILK SOLIDS, EMULSIFIERS (SOY LECITHIN, 476), FLAVOUR.
Contains:
WHITE CHOCOLATE CONTAINS COCOA SOLIDS 23%, MILK SOLIDS 29%.
Allergen:
May Be Present Tree Nuts, May Be Present Peanuts, Contains Soy, Contains Milk
Servings Per Pack:
4.52
Storage Instructions:
PLEASE STORE IN COOL, DRY CONDITIONS.
Size:
113g
Code: 3956330P
3 9 5 6 3 3 0 P
Customers also purchased
Cadbury Crunchie Easter Eggs Bag 110g on special
Cadbury Crunchie Easter Eggs Bag
110g on special
$3.00
save
$2.00
110g $2.73 per 100G
Unit Price
Add
1
for $3.00

Cadbury Oreo Easter Eggs Bag 112g on special
Cadbury Oreo Easter Eggs Bag
112g on special
$3.00
save
$2.00
112g $2.68 per 100G
Unit Price
Add
1
for $3.00

Cadbury Creme Eggs Minis Easter Bag 110g on special
Cadbury Creme Eggs Minis Easter Bag
110g on special
$3.00
save
$2.00
110g $2.73 per 100G
Unit Price
Add
1
for $3.00

Cadbury Caramello Easter Eggs Bag 117g on special
Cadbury Caramello Easter Eggs Bag
117g on special
$3.00
save
$2.00
117g $2.56 per 100G
Unit Price
Add
1
for $3.00"	['/wcsstore/Coles-CAS/images/3/9/5/3956330-th.jpg', '/wcsstore/Coles-CAS/images/3/9/5/3956330_B-th.jpg']
Cadbury	Strawberry Easter Eggs Bag	$ 3 .00	118g	$2.54 per 100G	"Nutrition Facts
Serving size: 1 serving = 25g
Qty
Quantity
per serving Qty
Quantity
per 100g / 100ml %
Percentage
daily intake*
Energy 513 kJ 2050 kJ 0
Energy Cal 0 0 0
Protein 1.4 g 5.7 g 0
Total Fat 5.8 g 23.2 g 0
Saturated Fat 3.5 g 13.9 g 0
Trans 0 0 0
Polyunsaturated 0 0 0
Mono Unsaturated 0 0 0
Carbohydrate 15.9 g 63.8 g 0
Sugars 15.2 g 60.7 g 0
Dietary Fibre Total 0 0 0
Sodium 16 mg 62 mg 0
*Percentage Daily Intake per serving. Percentage Daily Intakes are based on an average adult diet of 8700 kJ. Your daily intakes may be higher or lower depending on your energy needs.
Disclaimer:
Product details, including nutritional information and country of origin, may change from time to time and so the product you receive in your order may not reflect the information on this page. Please check the packaging on any product you purchase and if it's not what you expected, feel free to return it for a full refund.
Details
Country of Origin:
Made in AUSTRALIA
Ingredients:
PRODUCT CONTAINS MILK CHOCOLATE (75%), STRAWBERRY FLAVOURED FONDANT CENTRE (25%).INGREDIENTS: FULL CREAM MILK, SUGAR, COCOA BUTTER, COCOA MASS, MILK SOLIDS, INVERT SUGAR, GLUCOSE SYRUP, EMULSIFIERS (SOY LECITHIN, 476), COLOUR (163), FLAVOURS, PRESERVATIVE (202), FOOD ACID (260).
Contains:
MILK CHOCOLATE CONTAINS COCOA SOLIDS 28%, MILK SOLIDS MINIMUM 24%.
Allergen:
May Be Present Tree Nuts, May Be Present Peanuts, Contains Soy, Contains Milk
Servings Per Pack:
4.72
Storage Instructions:
PLEASE STORE IN COOL, DRY CONDITIONS.
Size:
118g
Code: 5768397P
5 7 6 8 3 9 7 P
Customers also purchased
Cadbury Mint Easter Eggs Bag 115g on special
Cadbury Mint Easter Eggs Bag
115g on special
$3.00
save
$2.00
115g $2.61 per 100G
Unit Price
Add
1
for $3.00

Cadbury Creme Eggs Minis Easter Bag 110g on special
Cadbury Creme Eggs Minis Easter Bag
110g on special
$3.00
save
$2.00
110g $2.73 per 100G
Unit Price
Add
1
for $3.00

Cadbury Turkish Delight Easter Eggs Bag 117g on special
Cadbury Turkish Delight Easter Eggs Bag
117g on special
$3.00
save
$2.00
117g $2.56 per 100G
Unit Price
Add
1
for $3.00

Cadbury Caramello Easter Eggs Bag 117g on special
Cadbury Caramello Easter Eggs Bag
117g on special
$3.00
save
$2.00
117g $2.56 per 100G
Unit Price
Add
1
for $3.00"	['/wcsstore/Coles-CAS/images/5/7/6/5768397-th.jpg', '/wcsstore/Coles-CAS/images/5/7/6/5768397_B-th.jpg']
Darrell Lea	Nougat Egg Milk Chocolate	$ 8 .50	150g	$5.67 per 100G	"Disclaimer:
Product details, including nutritional information and country of origin, may change from time to time and so the product you receive in your order may not reflect the information on this page. Please check the packaging on any product you purchase and if it's not what you expected, feel free to return it for a full refund.
Details
Country of Origin:
Made in Australia
Dimensions:
130 x 100 x 65mm
Code: 1646296P
1 6 4 6 2 9 6 P
Customers also purchased
Nestle Kitkat Milk Choc Easter Egg Gift Box 173g on special
Nestle Kitkat Milk Choc Easter Egg Gift Box
173g on special
$8.00
save
$2.00
173g $4.62 per 100G
Unit Price
Add
1
for $8.00

Cadbury Creme Egg Easter Gift Box 193g
Cadbury Creme Egg Easter Gift Box
193g
$10.00
193g $5.18 per 100G
Unit Price
Add
1
for $10.00

Nestle Milkybar White Chocolate Easter Egg Gift Box 168g on special
Nestle Milkybar White Chocolate Easter Egg Gift Box
168g on special
$8.00
save
$2.00
168g $4.76 per 100G
Unit Price
Add
1
for $8.00

Cadbury Humpty Easter Gift Box 130g on special
Cadbury Humpty Easter Gift Box
130g on special
buy any 2 for $10.00
Any 2
$ 10
regular price
$7.00 ea
each
130g $5.38 per 100G
Unit Price
Any 2 for $10.00 ..."	[]
Cadbury	Caramilk Easter Eggs Bag	$ 6 .00	235g	$2.55 per 100G	"Nutrition Facts
Serving size: 1 serving = 25g
Qty
Quantity
per serving Qty
Quantity
per 100g / 100ml %
Percentage
daily intake*
Energy 578 kJ 2310 kJ 0
Energy Cal 0 0 0
Protein 1.8 g 7.1 g 0
Total Fat 8.2 g 32.7 g 0
Saturated Fat 4.9 g 19.6 g 0
Trans 0 0 0
Polyunsaturated 0 0 0
Mono Unsaturated 0 0 0
Carbohydrate 14.4 g 57.7 g 0
Sugars 14.4 g 57.7 g 0
Dietary Fibre Total 0 0 0
Sodium 22 mg 87 mg 0
*Percentage Daily Intake per serving. Percentage Daily Intakes are based on an average adult diet of 8700 kJ. Your daily intakes may be higher or lower depending on your energy needs.
Disclaimer:
Product details, including nutritional information and country of origin, may change from time to time and so the product you receive in your order may not reflect the information on this page. Please check the packaging on any product you purchase and if it's not what you expected, feel free to return it for a full refund.
Details
Country of Origin:
Made in Australia
Ingredients:
INGREDIENTS: FULL CREAM MILK, SUGAR, COCOA BUTTER, MILK SOLIDS, EMULSIFIERS (SOY LECITHIN, 476), FLAVOUR.
Contains:
WHITE CHOCOLATE CONTAINS COCOA SOLIDS 23%, MILK SOLIDS 29%.
Allergen:
May Be Present Tree Nuts, May Be Present Peanuts, Contains Soy, Contains Milk
Servings Per Pack:
9.4
Storage Instructions:
PLEASE STORE IN COOL, DRY CONDITIONS.
Size:
235g
Code: 3655120P
3 6 5 5 1 2 0 P
Customers also purchased
Cadbury Oreo Easter Eggs Bag 112g on special
Cadbury Oreo Easter Eggs Bag
112g on special
$3.00
save
$2.00
112g $2.68 per 100G
Unit Price
Add
1
for $3.00

Cadbury Creme Egg 6-Pack Easter Eggs Bag 240g on special
Cadbury Creme Egg 6-Pack Easter Eggs Bag
240g on special
$6.00
save
$2.00
240g $2.50 per 100G
Unit Price
Add
1
for $6.00

Cadbury Dairy Milk Easter Eggs Bag 243g on special
Cadbury Dairy Milk Easter Eggs Bag
243g on special
$6.00
save
$3.00
243g $2.47 per 100G
Unit Price
Add
1
for $6.00

Cadbury Selections Easter Eggs Bag 230g on special
Cadbury Selections Easter Eggs Bag
230g on special
$6.00
save
$3.00
230g $2.61 per 100G
Unit Price
Add
1
for $6.00"	['/wcsstore/Coles-CAS/images/3/6/5/3655120-th.jpg', '/wcsstore/Coles-CAS/images/3/6/5/3655120_B-th.jpg']
Cadbury	Selections Easter Eggs Bag	$ 6 .00	230g	$2.61 per 100G	"Nutrition Facts
Serving size: 1 serving = 25g
Qty
Quantity
per serving Qty
Quantity
per 100g / 100ml %
Percentage
daily intake*
Energy 525 KJ 2100 KJ 0
Energy Cal 0 0 0
Protein 1.1 G 4.4 G 0
Total Fat 6.4 G 25.6 G 0
Saturated Fat 3.9 G 15.5 G 0
Trans 0 0 0
Polyunsaturated 0 0 0
Mono Unsaturated 0 0 0
Carbohydrate 15.6 G 62.5 G 0
Sugars 14.5 G 57.9 G 0
Dietary Fibre Total 0 0 0
Sodium 22 MG 88 MG 0
*Percentage Daily Intake per serving. Percentage Daily Intakes are based on an average adult diet of 8700 kJ. Your daily intakes may be higher or lower depending on your energy needs.
Disclaimer:
Product details, including nutritional information and country of origin, may change from time to time and so the product you receive in your order may not reflect the information on this page. Please check the packaging on any product you purchase and if it's not what you expected, feel free to return it for a full refund.
Details
Ingredients:
DAIRY MILK MILK CHOCOLATE EGGS INGREDIENTS: FULL CREAM MILK, SUGAR, COCOA BUTTER, COCOA MASS, MILK SOLIDS, EMULSIFIERS (SOY LECITHIN, 476), FLAVOURS. MILK CHOCOLATE CONTAINS COCOA SOLIDS 28%, MILK SOLIDS MINIMUM 24%. CONTAINS MILK, SOY. MAY CONTAIN PEANUTS, TREE NUTS. CRUNCHIE EGGS PRODUCT CONTAINS MILK CHOCOLATE (94%), CRUNCHIE PIECES (6%). INGREDIENTS: SUGAR, MILK SOLIDS, COCOA BUTTER, COCOA MASS, CRUNCHIE PIECES (SUGAR, GLUCOSE SYRUP, RAISING AGENT (500), HYDROLYSED MILK PROTEIN), EMULSIFIERS (SOY LECITHIN, 476), FLAVOURS. MILK CHOCOLATE CONTAINS COCOA SOLIDS 26%, MILK SOLIDS 23%. CONTAINS MILK, SOY. MAY CONTAIN WHEAT, GLUTEN, PEANUTS, TREE NUTS. CARAMELLO EGGS PRODUCT CONTAINS MILK CHOCOLATE (70%), CARAMEL (30%). INGREDIENTS: FULL CREAM MILK, SUGAR, GLUCOSE SYRUP, COCOA BUTTER, COCOA MASS, MILK SOLIDS, SWEETENED CONDENSED MILK (MILK, SUGAR), VEGETABLE FAT, INVERT SUGAR, EMULSIFIERS (SOY LECITHIN, 476, 471), ACIDITY REGULATOR (331), FLAVOURS, SALT. MILK CHOCOLATE CONTAINS COCOA SOLIDS 28%, MILK SOLIDS MINIMUM 24%. CONTAINS MILK, SOY. MAY CONTAIN PEANUTS, TREE NUTS. TURKISH DELIGHT EGGS PRODUCT CONTAINS MILK CHOCOLATE (75%), TURKISH DELIGHT JELLY CENTRE (25%). INGREDIENTS: SUGAR, MILK SOLIDS, COCOA BUTTER, COCOA MASS, INVERT SUGAR, GLUCOSE SYRUP, EMULSIFIERS (SOY LECITHIN, 476), GELLING AGENTS (440, 341), ACIDITY REGULATORS (330, 331, 450), FLAVOURS, COLOUR (160c). MILK CHOCOLATE CONTAINS COCOA SOLIDS 26%, MILK SOLIDS 23%. CONTAINS MILK, SOY. MAY CONTAIN PEANUTS, TREE NUTS.
Allergen:
May Be Present Tree Nuts, May Be Present Peanuts, May Be Present Wheat, May Be Present Gluten, Contains Soy, Contains Milk
Servings Per Pack:
9.2
Storage Instructions:
PLEASE STORE IN COOL, DRY CONDITIONS.
Size:
230g
Warning:
We do not guarantee that all units will be in this pack. Should it be necessary to leave out a particular unit at any time, it will be replaced by another of equal quality.
Code: 4886751P
4 8 8 6 7 5 1 P
Customers also purchased
Cadbury Caramilk Easter Eggs Bag 235g on special
Cadbury Caramilk Easter Eggs Bag
235g on special
$6.00
save
$3.00
235g $2.55 per 100G
Unit Price
Add
1
for $6.00

Cadbury Oreo Easter Eggs Bag 112g on special
Cadbury Oreo Easter Eggs Bag
112g on special
$3.00
save
$2.00
112g $2.68 per 100G
Unit Price
Add
1
for $3.00

Cadbury Creme Egg 6-Pack Easter Eggs Bag 240g on special
Cadbury Creme Egg 6-Pack Easter Eggs Bag
240g on special
$6.00
save
$2.00
240g $2.50 per 100G
Unit Price
Add
1
for $6.00

Cadbury Dairy Milk Easter Eggs Bag 243g on special
Cadbury Dairy Milk Easter Eggs Bag
243g on special
$6.00
save
$3.00
243g $2.47 per 100G
Unit Price
Add
1
for $6.00"	['/wcsstore/Coles-CAS/images/4/8/8/4886751-th.jpg', '/wcsstore/Coles-CAS/images/4/8/8/4886751_B-th.jpg']
M&M?s	Crispy Chocolate Speckled Easter Egg Snack & Share Bag	$ 4 .00	150g	$2.67 per 100G	"Nutrition Facts
Serving size: 1 serving = 25 g
Qty
Quantity
per serving Qty
Quantity
per 100g / 100ml %
Percentage
daily intake*
Energy 519 kJ 1940 kJ
Not provided
Protein 1.6 g 4.9 g
Not provided
Total Fat 5.6 g 15.7 g
Not provided
Saturated Fat 3.5 g 9.7 g
Not provided
Carbohydrate 16.6 g 74.4 g
Not provided
Sugars 14.3 g 59.2 g
Not provided
Sodium 24 mg 167 mg
Not provided
*Percentage Daily Intake per serving. Percentage Daily Intakes are based on an average adult diet of 8700 kJ. Your daily intakes may be higher or lower depending on your energy needs.
Disclaimer:
Product details, including nutritional information and country of origin, may change from time to time and so the product you receive in your order may not reflect the information on this page. Please check the packaging on any product you purchase and if it's not what you expected, feel free to return it for a full refund.
Details
Ingredients:
SUGAR, MILK SOLIDS, COCOA MASS, RICE FLOUR, VEGETABLE FAT, COCOA BUTTER, GLUCOSE SYRUP, MALT EXTRACT (BARLEY), COLOURS (171, 129, 102, 110, 133), EMULSIFIERS (SOY LECITHIN, 476), SALT, VEGETABLE GUM (414), DEXTROSE, THICKENER (1400), GLAZING AGENT (903, VEGETABLE OIL), FLAVOURS, RAISING AGENT (500), PEANUTS.
Servings Per Pack:
6.0
Storage Instructions:
STORE IN A COOL DRY PLACE.
Size:
150 g e
Code: 3953208P
3 9 5 3 2 0 8 P
Customers also purchased
Cadbury Crunchie Easter Eggs Bag 110g on special
Cadbury Crunchie Easter Eggs Bag
110g on special
$3.00
save
$2.00
110g $2.73 per 100G
Unit Price
Add
1
for $3.00

Cadbury Oreo Easter Eggs Bag 112g on special
Cadbury Oreo Easter Eggs Bag
112g on special
$3.00
save
$2.00
112g $2.68 per 100G
Unit Price
Add
1
for $3.00

M&M's Peanut Milk Chocolate Speckled Easter Eggs Share Bag 150g on special
M&M's Peanut Milk Chocolate Speckled Easter Eggs Share Bag
150g on special
$4.00
save
$1.00
150g $2.67 per 100G
Unit Price
Add
1
for $4.00

Cadbury Creme Eggs Minis Easter Bag 110g on special
Cadbury Creme Eggs Minis Easter Bag
110g on special
$3.00
save
$2.00
110g $2.73 per 100G
Unit Price
Add
1
for $3.00"	['/wcsstore/Coles-CAS/images/3/9/5/3953208-th.jpg', '/wcsstore/Coles-CAS/images/3/9/5/3953208_L-th.jpg', '/wcsstore/Coles-CAS/images/3/9/5/3953208_B-th.jpg']
Maltesers	Easter Chocolate Mini Bunnies & Eggs Share Bag	$ 6 .50	220g	$2.95 per 100G	"Nutrition Facts
Serving size: 1 serving = 25g
Qty
Quantity
per serving Qty
Quantity
per 100g / 100ml %
Percentage
daily intake*
Energy 563 kJ 2270 kJ 6%
Energy Cal
Not provided
Not provided
6%
Protein 1.7 g 7.0 g 3%
Total Fat 7.4 g 29.7 g 11%
Saturated Fat 4.4 g 17.7 g 18%
Carbohydrate 15.0 g 60.3 g 5%
Sugars 14.0 g 56.5 g 16%
Sodium 32 mg 130 mg 1%
*Percentage Daily Intake per serving. Percentage Daily Intakes are based on an average adult diet of 8700 kJ. Your daily intakes may be higher or lower depending on your energy needs.
Disclaimer:
Product details, including nutritional information and country of origin, may change from time to time and so the product you receive in your order may not reflect the information on this page. Please check the packaging on any product you purchase and if it's not what you expected, feel free to return it for a full refund.
Details
Ingredients:
SUGAR, MILK SOLIDS, COCOA BUTTER, COCOA MASS, VEGETABLE FAT, BARLEY MALT EXTRACT, GLUCOSE SYRUP (SOURCES INCLUDE WHEAT), EMULSIFIER (SOY LECITHIN), FLOUR (SOURCES INCLUDE WHEAT) RAISING AGENTS (341, 501, 500), WHEAT GLUTEN, SALT, NATURAL FLAVOUR (VANILLA EXTRACT). MILK CHOCOLATE CONTAINS A MINIMUM OF 24% COCOA SOLIDS AND 25% MILK SOLIDS. MAY BE PRESENT: TREE NUTS, EGG.
Contains:
A MALTESERS MINI BUNNY CONTAINS MILK CHOCOLATE 75% AND MALT INCLUSIONS 3%. A MALTESERS MINI EGG CONTAINS MILK CHOCOLATE 92% AND MALT INCLUSIONS 8%.
Allergen:
Contains Barley, Contains Gluten, Contains Soy, Contains Wheat, Contains Milk
Servings Per Pack:
9.0
Size:
220g
Code: 3946519P
3 9 4 6 5 1 9 P
Customers also purchased
Nestle Kitkat Milk Choc Easter Egg Gift Box 173g on special
Nestle Kitkat Milk Choc Easter Egg Gift Box
173g on special
$8.00
save
$2.00
173g $4.62 per 100G
Unit Price
Add
1
for $8.00

Cadbury Caramilk Easter Gift Box 153g
Cadbury Caramilk Easter Gift Box
153g
$10.00
153g $6.54 per 100G
Unit Price
Add
1
for $10.00

Cadbury Humpty Easter Gift Box 130g on special
Cadbury Humpty Easter Gift Box
130g on special
buy any 2 for $10.00
Any 2
$ 10
regular price
$7.00 ea
each
130g $5.38 per 100G
Unit Price
Any 2 for $10.00 ...

Kit Kat Milo Gift Box 165g on special
Kit Kat Milo Gift Box
165g on special
$8.00
save
$2.00
165g $4.85 per 100G
Unit Price
Add
1
for $8.00"	['/wcsstore/Coles-CAS/images/3/9/4/3946519-th.jpg', '/wcsstore/Coles-CAS/images/3/9/4/3946519_B-th.jpg']
Ferrero	Rocher Easter Eggs	$ 7 .50	100g	$7.50 per 100G	"Disclaimer:
Product details, including nutritional information and country of origin, may change from time to time and so the product you receive in your order may not reflect the information on this page. Please check the packaging on any product you purchase and if it's not what you expected, feel free to return it for a full refund.
Details
Country of Origin:
Made in Poland
Code: 5749596P
5 7 4 9 5 9 6 P
Customers also purchased
Kinder Joy Egg 20g on special
Kinder Joy Egg
20g on special
$2.25
save
$0.75
20g $11.25 per 100G
Unit Price
Add
1
for $2.25

Cadbury Dairy Milk Hollow Easter Egg 100g on special
Cadbury Dairy Milk Hollow Easter Egg
100g on special
buy any 2 for $6.00
Any 2
$ 6
regular price
$4.00 ea
each
100g $4.00 per 100G
Unit Price
Any 2 for $6.00 ...

Chocolatier Australia Puddles The Platypus 190g while stocks last product
Chocolatier Australia Puddles The Platypus
190g while stocks last product
$15.50
190g $8.16 per 100G
Unit Price
Add
1
for $15.50

Kinder Mini Milk Easter Eggs 240g on special
Kinder Mini Milk Easter Eggs
240g on special
$7.00
save
$2.00
240g $2.92 per 100G
Unit Price
Add
1
for $7.00"	[]
Cadbury	Dairy Milk Hollow Easter Egg	$ 2 .50	50g	$5.00 per 100G	"Nutrition Facts
Serving size: 1 serving = 25g
Qty
Quantity
per serving Qty
Quantity
per 100g / 100ml %
Percentage
daily intake*
Energy 567 kJ 2270 kJ 0
Energy Cal 0 0 0
Protein 1.9 g 7.7 g 0
Total Fat 7.9 g 31.5 g 0
Saturated Fat 4.7 g 19 g 0
Trans 0 0 0
Polyunsaturated 0 0 0
Mono Unsaturated 0 0 0
Carbohydrate 14 g 56.1 g 0
Sugars 13.7 g 54.8 g 0
Dietary Fibre Total 0 0 0
Sodium 20 mg 81 mg 0
*Percentage Daily Intake per serving. Percentage Daily Intakes are based on an average adult diet of 8700 kJ. Your daily intakes may be higher or lower depending on your energy needs.
Disclaimer:
Product details, including nutritional information and country of origin, may change from time to time and so the product you receive in your order may not reflect the information on this page. Please check the packaging on any product you purchase and if it's not what you expected, feel free to return it for a full refund.
Details
Country of Origin:
Made in Australia
Ingredients:
INGREDIENTS: FULL CREAM MILK, SUGAR, COCOA BUTTER, COCOA MASS, MILK SOLIDS, EMULSIFIERS (SOY LECITHIN, 476), FLAVOURS.
Contains:
MILK CHOCOLATE CONTAINS COCOA SOLIDS 28%, MILK SOLIDS MINIMUM 24%.
Allergen:
May Be Present Tree Nuts, May Be Present Peanuts, Contains Soy, Contains Milk
Servings Per Pack:
2.0
Storage Instructions:
PLEASE STORE IN COOL, DRY CONDITIONS.
Size:
50g
Code: 8801138P
8 8 0 1 1 3 8 P
Customers also purchased
Cadbury Dairy Milk Hollow Easter Egg 100g on special
Cadbury Dairy Milk Hollow Easter Egg
100g on special
buy any 2 for $6.00
Any 2
$ 6
regular price
$4.00 ea
each
100g $4.00 per 100G
Unit Price
Any 2 for $6.00 ...

Lifesavers Mik Chocolate Fruit Tingle Inclusion Eggs 70g on special
Lifesavers Mik Chocolate Fruit Tingle Inclusion Eggs
70g on special
$3.00
save
$1.50
70g $4.29 per 100G
Unit Price
Add
1
for $3.00

Cadbury Cherry Ripe Hollow Easter Egg 110g on special
Cadbury Cherry Ripe Hollow Easter Egg
110g on special
buy any 2 for $6.00
Any 2
$ 6
regular price
$4.00 ea
each
110g $3.64 per 100G
Unit Price
Any 2 for $6.00 ...

Lindt Blossom Assorted 150g
Lindt Blossom Assorted
150g
$17.00
150g $11.33 per 100G
Unit Price
Add
1
for $17.00"	['/wcsstore/Coles-CAS/images/8/8/0/8801138-th.jpg', '/wcsstore/Coles-CAS/images/8/8/0/8801138_L-th.jpg', '/wcsstore/Coles-CAS/images/8/8/0/8801138_R-th.jpg', '/wcsstore/Coles-CAS/images/8/8/0/8801138_B-th.jpg']
Lindt	Lindor Mini Eggs Bag Assorted	$ 3 .50	90g	$3.89 per 100G	"Nutrition Facts
Serving size: 1 serving = 20g
Qty
Quantity
per serving Qty
Quantity
per 100g / 100ml %
Percentage
daily intake*
Energy 507kJ 2530kJ
Not provided
Protein 1.0g 5.1g
Not provided
Total Fat 9.0g 45.0g
Not provided
Saturated Fat 6.8g 34.0g
Not provided
Carbohydrate 9.0g 45.0g
Not provided
Sugars 8.8g 44.0g
Not provided
Sodium 9mg 43mg
Not provided
*Percentage Daily Intake per serving. Percentage Daily Intakes are based on an average adult diet of 8700 kJ. Your daily intakes may be higher or lower depending on your energy needs.
Disclaimer:
Product details, including nutritional information and country of origin, may change from time to time and so the product you receive in your order may not reflect the information on this page. Please check the packaging on any product you purchase and if it's not what you expected, feel free to return it for a full refund.
Details
Country of Origin:
Manufactured in Germany
Ingredients:
Sugar, Vegetable Fats, Cocoa Butter, Cocoa Mass, Whole Milk Powder, Skim Milk Powder, Milk Fat, Emulsifier (Soy Lecithin), Barley Malt Extract, Flavourings.
Contains:
Milk Chocolate contains: Cocoa Solids 30% min., Milk Solids 18% min. Dark Chocolate contains: Cocoa Solids 42% min. White Chocolate contains: Cocoa Solids 26% min.
Allergen:
May Be Present Tree Nuts
Servings Per Pack:
4.5
Storage Instructions:
Highly meltable. Keep cool. Store in a cool and dry place.
Size:
90g
Warning:
Quality Guarantee Chocoladefabriken Lindt & Sprngli AG Kilchberg / Switzerland
Code: 3136712P
3 1 3 6 7 1 2 P
Customers also purchased
Kinder Chocolate Hazelnut Mini Easter Eggs 100g on special twenty percent off
Kinder Chocolate Hazelnut Mini Easter Eggs
100g on special twenty percent off
$3.60
save
$0.90
100g $3.60 per 100G
Unit Price
Add
1
for $3.60

Lindt Lindor Mini Eggs Bag Solid Milk 90g on special
Lindt Lindor Mini Eggs Bag Solid Milk
90g on special
$3.50
save
$2.00
90g $3.89 per 100G
Unit Price
Add
1
for $3.50

Lindt Bugs & Bees Pouch Bag 98g on special
Lindt Bugs & Bees Pouch Bag
98g on special
$6.50
save
$2.00
98g $6.63 per 100G
Unit Price
Add
1
for $6.50

Cadbury Caramello Easter Eggs Bag 117g on special
Cadbury Caramello Easter Eggs Bag
117g on special
$3.00
save
$2.00
117g $2.56 per 100G
Unit Price
Add
1
for $3.00"	['/wcsstore/Coles-CAS/images/3/1/3/3136712-th.jpg', '/wcsstore/Coles-CAS/images/3/1/3/3136712_B-th.jpg']
Ferrero	Rocher Dark Chocolate Easter Eggs	$ 5 .00	100g	$5.00 per 100G	"Nutrition Facts
Serving size: 1 serving = 10g
Qty
Quantity
per serving Qty
Quantity
per 100g / 100ml %
Percentage
daily intake*
Energy 234kJ 2339kJ
Not provided
Protein 0.6g 5.8g
Not provided
Total Fat 3.7g 37.2g
Not provided
Saturated Fat 2g 19.5g
Not provided
Carbohydrate 5.1g 50.8g
Not provided
Sugars 4.5g 45.1g
Not provided
Sodium 4mg 43mg
Not provided
*Percentage Daily Intake per serving. Percentage Daily Intakes are based on an average adult diet of 8700 kJ. Your daily intakes may be higher or lower depending on your energy needs.
Disclaimer:
Product details, including nutritional information and country of origin, may change from time to time and so the product you receive in your order may not reflect the information on this page. Please check the packaging on any product you purchase and if it's not what you expected, feel free to return it for a full refund.
Details
Country of Origin:
Made in ITALY
Ingredients:
Dark Chocolate (34%) (Sugar, Cocoa Mass, Cocoa Butter, Emulsifier: Lecithins (Soy), Flavouring: Vanillin), Milk Chocolate (18.5%) (Sugar, Cocoa Butter, Milk Powder, Cocoa Mass, Emulsifier: Lecithins (Soy), Flavouring: Vanillin), Sugar, Vegetable Oil (Palm*), Fat-reduced Cocoa Powder (5.5%), Wheat Flour, Hazelnuts, Emulsifier (Lecithins) (Soy), Skim Milk Powder, Raising Agents (Sodium Bicarbonate, Ammonium Bicarbonate), Flavouring (Vanillin), Salt. Dark Chocolate contains Cocoa Solids 50% min., Milk Chocolate contains Cocoa Solids 34.5% min., Milk Solids 21.5% min. *Sustainable and segregated certified palm oil.
Contains:
Milk, Hazelnuts, Wheat, Gluten (Soy).
Allergen:
Contains Hazelnuts, Contains Gluten, Contains Soy, Contains Wheat, Contains Milk
Storage Instructions:
Store in a cool dry place, away from direct sunlight.
Size:
100g
Code: 1651525P
1 6 5 1 5 2 5 P
Customers also purchased
Ferrero Rocher Hazelnut Chocolate Easter Eggs 100g on special
Ferrero Rocher Hazelnut Chocolate Easter Eggs
100g on special
$5.00
save
$1.50
100g $5.00 per 100G
Unit Price
Add
1
for $5.00

Lindt Lindor Mini Eggs Bag Solid Milk 90g on special
Lindt Lindor Mini Eggs Bag Solid Milk
90g on special
$3.50
save
$2.00
90g $3.89 per 100G
Unit Price
Add
1
for $3.50

Ferrero Rocher White Easter Eggs 90g on special twenty percent off
Ferrero Rocher White Easter Eggs
90g on special twenty percent off
$6.00
save
$1.50
90g $6.67 per 100G
Unit Price
Add
1
for $6.00

Cadbury Selections Easter Eggs Bag 230g on special
Cadbury Selections Easter Eggs Bag
230g on special
$6.00
save
$3.00
230g $2.61 per 100G
Unit Price
Add
1
for $6.00"	['/wcsstore/Coles-CAS/images/1/6/5/1651525-th.jpg', '/wcsstore/Coles-CAS/images/1/6/5/1651525_L-th.jpg', '/wcsstore/Coles-CAS/images/1/6/5/1651525_R-th.jpg', '/wcsstore/Coles-CAS/images/1/6/5/1651525_B-th.jpg']
Lindt	Lindor Mini Eggs Bag Solid Milk	$ 3 .50	90g	$3.89 per 100G	"Nutrition Facts
Serving size: 1 serving = 20g
Qty
Quantity
per serving Qty
Quantity
per 100g / 100ml %
Percentage
daily intake*
Energy 455kJ 2280kJ
Not provided
Protein 1.5g 7.3g
Not provided
Total Fat 6.4g 32.0g
Not provided
Saturated Fat 3.8g 19.0g
Not provided
Carbohydrate 11.2g 56.0g
Not provided
Sugars 11.2g 56.0g
Not provided
Sodium 16mg 78mg
Not provided
*Percentage Daily Intake per serving. Percentage Daily Intakes are based on an average adult diet of 8700 kJ. Your daily intakes may be higher or lower depending on your energy needs.
Disclaimer:
Product details, including nutritional information and country of origin, may change from time to time and so the product you receive in your order may not reflect the information on this page. Please check the packaging on any product you purchase and if it's not what you expected, feel free to return it for a full refund.
Details
Ingredients:
Sugar, Cocoa Butter, Whole Milk Powder, Cocoa Mass, Lactose, Skim milk Powder, Emulsifier (Soy Lecithin), Barley Malt Extract, Flavouring.
Contains:
Milk Chocolate contains: Cocoa Solids 30% min., Milk Solids 18% min.
Allergen:
May Be Present Tree Nuts
Servings Per Pack:
4.5
Storage Instructions:
Store in a cool and dry place.
Size:
90g
Warning:
Quality Guarantee Chocoladefabriken Lindt & Sprngli AG Kilchberg / Switzerland
Code: 3136698P
3 1 3 6 6 9 8 P
Customers also purchased
Lindt Lindor Mini Eggs Bag Assorted 90g on special
Lindt Lindor Mini Eggs Bag Assorted
90g on special
$3.50
save
$2.00
90g $3.89 per 100G
Unit Price
Add
1
for $3.50

Ferrero Rocher Dark Chocolate Easter Eggs 100g on special
Ferrero Rocher Dark Chocolate Easter Eggs
100g on special
$5.00
save
$1.50
100g $5.00 per 100G
Unit Price
Add
1
for $5.00

Lindt Bugs & Bees Pouch Bag 98g on special
Lindt Bugs & Bees Pouch Bag
98g on special
$6.50
save
$2.00
98g $6.63 per 100G
Unit Price
Add
1
for $6.50

Lindt Milk Mini Eggs 390g on special
Lindt Milk Mini Eggs
390g on special
buy any 2 for $24.00
Any 2
$ 24
regular price
$24.00 ea
each
390g $6.15 per 100G
Unit Price
Any 2 for $24.00 ..."	['/wcsstore/Coles-CAS/images/3/1/3/3136698-th.jpg', '/wcsstore/Coles-CAS/images/3/1/3/3136698_B-th.jpg']
Cadbury	Selections Large Easter Eggs Bag	$ 11 .25	545g	$2.06 per 100G	"Nutrition Facts
Serving size: 1 serving = 25g
Qty
Quantity
per serving Qty
Quantity
per 100g / 100ml %
Percentage
daily intake*
Energy 526 KJ 2100 KJ 0
Energy Cal 0 0 0
Protein 1.1 G 4.5 G 0
Total Fat 6.4 G 25.7 G 0
Saturated Fat 3.9 G 15.5 G 0
Trans 0 0 0
Polyunsaturated 0 0 0
Mono Unsaturated 0 0 0
Carbohydrate 15.6 G 62.4 G 0
Sugars 14.5 G 57.8 G 0
Dietary Fibre Total 0 0 0
Sodium 22 MG 88 MG 0
*Percentage Daily Intake per serving. Percentage Daily Intakes are based on an average adult diet of 8700 kJ. Your daily intakes may be higher or lower depending on your energy needs.
Disclaimer:
Product details, including nutritional information and country of origin, may change from time to time and so the product you receive in your order may not reflect the information on this page. Please check the packaging on any product you purchase and if it's not what you expected, feel free to return it for a full refund.
Details
Country of Origin:
Made in Australia from Imported and Local Ingredients
Ingredients:
DAIRY MILK MILK CHOCOLATE EGGS INGREDIENTS: FULL CREAM MILK, SUGAR, COCOA BUTTER, COCOA MASS, MILK SOLIDS, EMULSIFIERS (SOY LECITHIN, 476), FLAVOURS. MILK CHOCOLATE CONTAINS COCOA SOLIDS 28%, MILK SOLIDS MINIMUM 24%. CONTAINS MILK, SOY. MAY CONTAIN PEANUTS, TREE NUTS. CARAMELLO EGGS PRODUCT CONTAINS MILK CHOCOLATE (70%), CARAMEL (30%). INGREDIENTS: FULL CREAM MILK, SUGAR, GLUCOSE SYRUP, COCOA BUTTER, COCOA MASS, MILK SOLIDS, SWEETENED CONDENSED MILK (MILK, SUGAR), VEGETABLE FAT, INVERT SUGAR, EMULSIFIERS (SOY LECITHIN, 476, 471), ACIDITY REGULATOR (331), FLAVOURS, SALT. MILK CHOCOLATE CONTAINS COCOA SOLIDS 28%, MILK SOLIDS MINIMUM 24%. CONTAINS MILK, SOY. MAY CONTAIN PEANUTS, TREE NUTS. TURKISH DELIGHT EGGS PRODUCT CONTAINS MILK CHOCOLATE (75%), TURKISH DELIGHT JELLY CENTRE (25%). INGREDIENTS: SUGAR, MILK SOLIDS, COCOA BUTTER, COCOA MASS, INVERT SUGAR, GLUCOSE SYRUP, EMULSIFIERS (SOY LECITHIN, 476), GELLING AGENTS (440, 341), ACIDITY REGULATORS (330, 331, 450), FLAVOURS, COLOUR (160c). MILK CHOCOLATE CONTAINS COCOA SOLIDS 26%, MILK SOLIDS 23%. CONTAINS MILK, SOY. MAY CONTAIN PEANUTS, TREE NUTS. CRUNCHIE EGGS PRODUCT CONTAINS MILK CHOCOLATE (94%), CRUNCHIE PIECES (6%). INGREDIENTS: SUGAR, MILK SOLIDS, COCOA BUTTER, COCOA MASS, CRUNCHIE PIECES (SUGAR, GLUCOSE SYRUP, RAISING AGENT (500), HYDROLYSED MILK PROTEIN), EMULSIFIERS (SOY LECITHIN, 476), FLAVOURS. MILK CHOCOLATE CONTAINS COCOA SOLIDS 26%, MILK SOLIDS 23%. CONTAINS MILK, SOY. MAY CONTAIN WHEAT, GLUTEN, PEANUTS, TREE NUTS.
Allergen:
May Be Present Tree Nuts, May Be Present Peanuts, May Be Present Wheat, May Be Present Gluten, Contains Soy, Contains Milk
Servings Per Pack:
21.8
Storage Instructions:
PLEASE STORE IN COOL, DRY CONDITIONS.
Size:
545g
Warning:
We do not guarantee that all units will be in this pack. Should it be necessary to leave out a particular unit at any time, it will be replaced by another of equal quality.
Code: 9633786P
9 6 3 3 7 8 6 P
Customers also purchased
Cadbury Crunchie Easter Eggs Bag 110g on special
Cadbury Crunchie Easter Eggs Bag
110g on special
$3.00
save
$2.00
110g $2.73 per 100G
Unit Price
Add
1
for $3.00

Cadbury Caramilk Easter Eggs Bag 235g on special
Cadbury Caramilk Easter Eggs Bag
235g on special
$6.00
save
$3.00
235g $2.55 per 100G
Unit Price
Add
1
for $6.00

Cadbury Oreo Easter Eggs Bag 112g on special
Cadbury Oreo Easter Eggs Bag
112g on special
$3.00
save
$2.00
112g $2.68 per 100G
Unit Price
Add
1
for $3.00

Cadbury Dairy Milk Easter Eggs Bag 243g on special
Cadbury Dairy Milk Easter Eggs Bag
243g on special
$6.00
save
$3.00
243g $2.47 per 100G
Unit Price
Add
1
for $6.00"	['/wcsstore/Coles-CAS/images/9/6/3/9633786-th.jpg', '/wcsstore/Coles-CAS/images/9/6/3/9633786_B-th.jpg']
Darrell Lea	Rocklea Road Egg	$ 3 .50	120g	$2.92 per 100G	"Disclaimer:
Product details, including nutritional information and country of origin, may change from time to time and so the product you receive in your order may not reflect the information on this page. Please check the packaging on any product you purchase and if it's not what you expected, feel free to return it for a full refund.
Details
Country of Origin:
Made in Australia
Dimensions:
110 x 75 x 75mm
Code: 4786382P
4 7 8 6 3 8 2 P
Customers also purchased
Darrell Lea Rocklea Road Bunny 170g on special
Darrell Lea Rocklea Road Bunny
170g on special
$5.00
save
$1.50
170g $2.94 per 100G
Unit Price
Add
1
for $5.00

Ferrero Rocher Milk Chocolate And Hazelnut Hollow Squirrel 90g on special
Ferrero Rocher Milk Chocolate And Hazelnut Hollow Squirrel
90g on special
$5.00
save
$1.50
90g $5.56 per 100G
Unit Price
Add
1
for $5.00

Cadbury Easter Bunny 150g on special
Cadbury Easter Bunny
150g on special
$5.00
save
$1.70
150g $3.33 per 100G
Unit Price
Add
1
for $5.00

Kinder Surprise Chocolate Giant Easter Bunny 160g
Kinder Surprise Chocolate Giant Easter Bunny
160g
$9.50
160g $5.94 per 100G
Unit Price
Add
1
for $9.50"	[]
Ferrero	Rocher White Easter Eggs	$ 6 .00	90g	$6.67 per 100G	"Nutrition Facts
Serving size: 1 serving = 9g
Qty
Quantity
per serving Qty
Quantity
per 100g / 100ml %
Percentage
daily intake*
Energy 220kJ 2441kJ
Not provided
Protein 0.6g 6.7g
Not provided
Total Fat 3.6g 39.7g
Not provided
Saturated Fat 1.9g 21.3g
Not provided
Carbohydrate 4.5g 50.5g
Not provided
Sugars 4.4g 49.3g
Not provided
Sodium 10mg 109mg
Not provided
*Percentage Daily Intake per serving. Percentage Daily Intakes are based on an average adult diet of 8700 kJ. Your daily intakes may be higher or lower depending on your energy needs.
Disclaimer:
Product details, including nutritional information and country of origin, may change from time to time and so the product you receive in your order may not reflect the information on this page. Please check the packaging on any product you purchase and if it's not what you expected, feel free to return it for a full refund.
Details
Country of Origin:
Made in Germany
Ingredients:
Ingredients: White Chocolate 60% (Cocoa Butter, Sugar, Skimmed Milk Powder, Anhydrous Milkfat (Milk), Emulsifier (Lecithins) (Soy), Flavouring (Vanillin)), Sugar, Vegetable Oil (Palm*), Whey Powder (Milk), Hazelnuts 7%, Fat-Reduced Cocoa Powder 2.5%, Extruded Rounded Cereal-Based Grain 1% (Wheat Flour, Sugar, Malted Wheat Flour, Raising Agent (Sodium Bicarbonate), Salt), Emulsifier (Lecithins) (Soy), Flavourings. White Chocolate Contains Min. 26.5% Of Milk Solids. Total Cocoa Solids: 24.5%. *Sustainable And Segregated Certified Palm Oil.
Contains:
Milk, Gluten, Wheat, Hazelnuts, Soy. May contain traces of Eggs and Almonds.
Allergen:
Contains Hazelnuts, May Be Present Tree Nuts, Contains Gluten, Contains Soy, Contains Wheat, Contains Milk, May Be Present Egg
Servings Per Pack:
10.0
Storage Instructions:
Store in a cool dry place, away from direct sunlight.
Size:
90g
Code: 5749610P
5 7 4 9 6 1 0 P
Customers also purchased
Ferrero Rocher Hazelnut Chocolate Easter Eggs 100g on special
Ferrero Rocher Hazelnut Chocolate Easter Eggs
100g on special
$5.00
save
$1.50
100g $5.00 per 100G
Unit Price
Add
1
for $5.00

Ferrero Rocher Dark Chocolate Easter Eggs 100g on special
Ferrero Rocher Dark Chocolate Easter Eggs
100g on special
$5.00
save
$1.50
100g $5.00 per 100G
Unit Price
Add
1
for $5.00

Cadbury Oreo Easter Eggs Bag 112g on special
Cadbury Oreo Easter Eggs Bag
112g on special
$3.00
save
$2.00
112g $2.68 per 100G
Unit Price
Add
1
for $3.00

Nestle Rolo Mini Eggs 110g on special
Nestle Rolo Mini Eggs
110g on special
buy any 2 for $7.00
Any 2
$ 7
regular price
$4.50 ea
each
110g $4.09 per 100G
Unit Price
Any 2 for $7.00 ..."	[]
Kinder	Chocolate Hazelnut Mini Easter Eggs	$ 3 .60	100g	$3.60 per 100G	"Nutrition Facts
Serving size: 1 serving = 5g
Qty
Quantity
per serving Qty
Quantity
per 100g / 100ml %
Percentage
daily intake*
Energy 123kj 2420kj 1%
Protein 0.5g 9g 1%
Total Fat 1.9g 37.2g 3%
Saturated Fat 1.1g 22g 5%
Carbohydrate 2.6g 52.4g 1%
Sugars 2.6g 52.1g 3%
Sodium 7mg 130mg 0%
*Percentage Daily Intake per serving. Percentage Daily Intakes are based on an average adult diet of 8700 kJ. Your daily intakes may be higher or lower depending on your energy needs.
Disclaimer:
Product details, including nutritional information and country of origin, may change from time to time and so the product you receive in your order may not reflect the information on this page. Please check the packaging on any product you purchase and if it's not what you expected, feel free to return it for a full refund.
Details
Country of Origin:
Made in Belgium
Allergen:
Contains Hazelnuts, Contains Soy, Contains Milk
Size:
100g
Code: 3136461P
3 1 3 6 4 6 1 P
Customers also purchased
Lindt Lindor Mini Eggs Bag Assorted 90g on special
Lindt Lindor Mini Eggs Bag Assorted
90g on special
$3.50
save
$2.00
90g $3.89 per 100G
Unit Price
Add
1
for $3.50

Cadbury Caramello Easter Eggs Bag 117g on special
Cadbury Caramello Easter Eggs Bag
117g on special
$3.00
save
$2.00
117g $2.56 per 100G
Unit Price
Add
1
for $3.00

Cadbury Strawberry Easter Eggs Bag 118g on special
Cadbury Strawberry Easter Eggs Bag
118g on special
$3.00
save
$2.00
118g $2.54 per 100G
Unit Price
Add
1
for $3.00

Cadbury Marvellous Creations Easter Bunny Sharepack 198g on special
Cadbury Marvellous Creations Easter Bunny Sharepack
198g on special
$6.00
save
$2.00
198g $3.03 per 100G
Unit Price
Add
1
for $6.00"	[]
M&M?s	More Milk Chocolate Mini Easter Eggs Share Bag	$ 6 .50	220g	$2.95 per 100G	"Nutrition Facts
Serving size: 1 serving = 21g
Qty
Quantity
per serving Qty
Quantity
per 100g / 100ml %
Percentage
daily intake*
Energy 468 kJ 2230 kJ 5%
Energy Cal
Not provided
Not provided
5%
Protein 1.3 g 6.2 g 3%
Total Fat 6.1 g 29.0 g 9%
Saturated Fat 3.8 g 18.1 g 16%
Carbohydrate 13.0 g 62.0 4%
Sugars 11.9 g 56.7 g 13%
Sodium 21 mg 102 mg 1%
*Percentage Daily Intake per serving. Percentage Daily Intakes are based on an average adult diet of 8700 kJ. Your daily intakes may be higher or lower depending on your energy needs.
Disclaimer:
Product details, including nutritional information and country of origin, may change from time to time and so the product you receive in your order may not reflect the information on this page. Please check the packaging on any product you purchase and if it's not what you expected, feel free to return it for a full refund.
Details
Country of Origin:
Made in Belgium
Ingredients:
SUGAR, MILK SOLIDS, COCOA BUTTER, COCOA MASS, GLUCOSE SYRUP (SOURCES INCLUDE WHEAT), VEGETABLE FAT, BARLEY MALT EXTRACT, EMULSIFIER (SOY LECITHIN), STARCH, DEXTROSE (SOURCES INCLUDE WHEAT), FLOUR (SOURCES INCLUDE WHEAT), RAISING AGENTS (341, 501, 500), SALT, WHEAT GLUTEN, STABILISER (414), FLAVOURS (INCLUDES BARLEY MALTED MILK, VANILLA EXTRACT), THICKENER (DEXTRIN), GLAZING AGENT (903), COLOURS (162, 172, 100, 133, 160A), CALCIUM CARBONATE. MILK CHOCOLATE CONTAINS A MINIMUM OF 28% COCOA SOLIDS AND 23% MILK SOLIDS.
Contains:
PEANUTS, TREE NUTS. M&M'S MINI EGGS CONTAIN MILK CHOCOLATE 73% AND M&M'S MINIS 26%. MALTESERS TEASERS MINI EGGS CONTAIN MILK CHOCOLATE 92% AND CRISP MALT INCLUSIONS 8%. MARS MINI EGGS CONTAIN MILK CHOCOLATE 69%, CARAMEL 18% AND CREME 13%.
Allergen:
Contains Barley, Contains Gluten, Contains Soy, Contains Wheat, Contains Milk
Servings Per Pack:
10.0
Size:
220g
Code: 2133640P
2 1 3 3 6 4 0 P
Customers also purchased
Cadbury Crunchie Easter Eggs Bag 110g on special
Cadbury Crunchie Easter Eggs Bag
110g on special
$3.00
save
$2.00
110g $2.73 per 100G
Unit Price
Add
1
for $3.00

Cadbury Oreo Easter Eggs Bag 112g on special
Cadbury Oreo Easter Eggs Bag
112g on special
$3.00
save
$2.00
112g $2.68 per 100G
Unit Price
Add
1
for $3.00

Cadbury Selections Easter Eggs Bag 230g on special
Cadbury Selections Easter Eggs Bag
230g on special
$6.00
save
$3.00
230g $2.61 per 100G
Unit Price
Add
1
for $6.00

Darrell Lea Easter Treats Speckled Eggs 125g on special
Darrell Lea Easter Treats Speckled Eggs
125g on special
buy any 2 for $6.00
Any 2
$ 6
regular price
$5.00 ea
each
125g $4.00 per 100G
Unit Price
Any 2 for $6.00 ..."	['/wcsstore/Coles-CAS/images/2/1/3/2133640-th.jpg', '/wcsstore/Coles-CAS/images/2/1/3/2133640_B-th.jpg']
Kinder	Mini Eggs Milk Chocolate Bag	$ 3 .60	100g	$3.60 per 100G	"Disclaimer:
Product details, including nutritional information and country of origin, may change from time to time and so the product you receive in your order may not reflect the information on this page. Please check the packaging on any product you purchase and if it's not what you expected, feel free to return it for a full refund.
Details
Country of Origin:
Made in Italy
Size:
100g
Code: 2856986P
2 8 5 6 9 8 6 P"	[]
Nestle	Mini Egg Bag	$ 15 .00	500g	$3.00 per 100G	"Nutrition Facts
Serving size: 1 serving = 21 g
Qty
Quantity
per serving Qty
Quantity
per 100g / 100ml %
Percentage
daily intake*
Energy 460 kJ 2180 kJ 5%
Protein 1.4 g 6.6 g 3%
Total Fat 6.0g 28.4 g 9%
Saturated Fat 4 g 19 g 17%
Carbohydrate 12.4 g 59 g 4%
Sugars 12 g 57.4 g 13%
Sodium 15 mg 75 mg 1%
*Percentage Daily Intake per serving. Percentage Daily Intakes are based on an average adult diet of 8700 kJ. Your daily intakes may be higher or lower depending on your energy needs.
Disclaimer:
Product details, including nutritional information and country of origin, may change from time to time and so the product you receive in your order may not reflect the information on this page. Please check the packaging on any product you purchase and if it's not what you expected, feel free to return it for a full refund.
Details
Country of Origin:
Packed in Belgium
Ingredients:
Ingredients: Milk Chocolate (60%) [Sugar, Cocoa Mass^, Milk Solids, Cocoa Butter^, Emulsifiers ( Soy Lecithin), Flavour], White Chocolate (20%) [Sugar, Milk Solids, Cocoa Butter^, Emulsifier ( Soy Lecithin), Flavour]. Wafer Filling (6%) [Sugar, Milk Solids, Cocoa Mass^, Cocoa Butter^, Rice Flour, Emulsifier ( Soy Lecithin), Wheat Flour, Flavour, Vegetable Fat, Caramelised Sugar Syrup, Salt], Caramel Filling (6%) [Glucose-Fructose Syrup ( Wheat ), Sweetened Condensed Milk , Glucose Syrup, Sugar, Vegetable Fat, Milk Solids, Cocoa Butter^, Salt, Raising Agent (500), Emulsifier ( Soy Lecithin), Flavour], Smarties (6%) [Sugar, Milk Solids, Cocoa Mass^, Cocoa Butter^, Wheat Flour, Rice Starch, Emulsifier (Lecithin), Colours (Beetroot Red, Beta-Carotene, Curcumin), Plant Extract (Spirulina), Glazing Agents (903, 901), Fruit and Vegetable Concentrates (Safflower, Radish), Malt Barley Extract], Rice Crispies (2%) [Rice Flour]. Contains Milk, Soy, Gluten, Wheat, Barley. May Contain Tree Nuts. Milk Chocolate Contains Minimum of 32% Cocoa Solids and 18% Milk Solids. White Chocolate Contains Minimum of 23% Cocoa Solids and 23% Milk Solids. ^Rainforest Alliance Certified Cocoa. Find Out More at Ra.Org.
Contains:
Contains Milk, Soy, Gluten, Wheat, Barley. May contain Tree Nuts.
Allergen:
Contains Soybean, May Be Present Nuts, Contains Barley, Contains Wheat, Contains Milk, Contains Cereals Containing Gluten
Servings Per Pack:
23.0
Storage Instructions:
Store Cool and Dry.
Size:
500 g
Code: 4733502P
4 7 3 3 5 0 2 P
Customers also purchased
Cadbury Crunchie Easter Eggs Bag 110g on special
Cadbury Crunchie Easter Eggs Bag
110g on special
$3.00
save
$2.00
110g $2.73 per 100G
Unit Price
Add
1
for $3.00

Cadbury Caramilk Easter Eggs Bag 113g on special
Cadbury Caramilk Easter Eggs Bag
113g on special
$3.00
save
$2.00
113g $2.65 per 100G
Unit Price
Add
1
for $3.00

Nestle Rolo Mini Eggs 110g on special
Nestle Rolo Mini Eggs
110g on special
buy any 2 for $7.00
Any 2
$ 7
regular price
$4.50 ea
each
110g $4.09 per 100G
Unit Price
Any 2 for $7.00 ...

Nestle Milkybar Mini Eggs 110g on special
Nestle Milkybar Mini Eggs
110g on special
buy any 2 for $7.00
Any 2
$ 7
regular price
$4.50 ea
each
110g $4.09 per 100G
Unit Price
Any 2 for $7.00 ..."	['/wcsstore/Coles-CAS/images/4/7/3/4733502-th.jpg', '/wcsstore/Coles-CAS/images/4/7/3/4733502_B-th.jpg']
Ferrero	Rocher Easter Egg T3	$ 15 .00	137.5g	$10.91 per 100G	"Disclaimer:
Product details, including nutritional information and country of origin, may change from time to time and so the product you receive in your order may not reflect the information on this page. Please check the packaging on any product you purchase and if it's not what you expected, feel free to return it for a full refund.
Details
Country of Origin:
Made in Australia
Code: 4721591P
4 7 2 1 5 9 1 P
Customers also purchased
Cadbury Creme Egg Easter Gift Box 193g
Cadbury Creme Egg Easter Gift Box
193g
$10.00
193g $5.18 per 100G
Unit Price
Add
1
for $10.00

Cadbury Caramello Easter Gift Box 193g
Cadbury Caramello Easter Gift Box
193g
$10.00
193g $5.18 per 100G
Unit Price
Add
1
for $10.00

Nestle Milkybar White Chocolate Easter Egg Gift Box 168g on special
Nestle Milkybar White Chocolate Easter Egg Gift Box
168g on special
$8.00
save
$2.00
168g $4.76 per 100G
Unit Price
Add
1
for $8.00

Celebrations Milk Chocolate Easter Egg 165g new product
Celebrations Milk Chocolate Easter Egg
165g new product
$10.00
165g $6.06 per 100G
Unit Price
Add
1
for $10.00"	[]
Kinder	Surprise Chocolate Maxi Easter Egg Blue	$ 7 .60	100g	$7.60 per 100G	"Nutrition Facts
Serving size: 1 serving = 20g
Qty
Quantity
per serving Qty
Quantity
per 100g / 100ml %
Percentage
daily intake*
Energy 481kJ 2405kJ
Not provided
Protein 1.7g 8.8g
Not provided
Total Fat 7.2g 36.2g
Not provided
Saturated Fat 4.8g 24.1g
Not provided
Carbohydrate 10.8g 53.9g
Not provided
Sugars 10.7g 53.6g
Not provided
Sodium 24mg 120mg
Not provided
*Percentage Daily Intake per serving. Percentage Daily Intakes are based on an average adult diet of 8700 kJ. Your daily intakes may be higher or lower depending on your energy needs.
Disclaimer:
Product details, including nutritional information and country of origin, may change from time to time and so the product you receive in your order may not reflect the information on this page. Please check the packaging on any product you purchase and if it's not what you expected, feel free to return it for a full refund.
Details
Country of Origin:
Made in Belgium
Ingredients:
Milk Chocolate (45%) (Sugar, Milk Powder, Cocoa Butter, Cocoa Mass, Emulsifier: Lecithins (Soy), Flavouring: Vanillin), Skim Milk Powder, Sugar, Vegetable Fats (Palm*, Shea), Anhydrous Milkfat, Emulsifier (Lecithins) (Soy), Flavouring (Vanillin). Total Milk Constituents: 32%. Total Cocoa Solids: 14.5% *Sustainable and segregated certified palm oil.
Contains:
Milk, Soy
Allergen:
Contains Soy, Contains Milk
Servings Per Pack:
5.0
Storage Instructions:
Store in cool dry place, away from direct sunlight
Size:
100g
Warning:
Toy not suitable for children under 3 years. Small parts may be swallowed or inhaled. Adult supervision recommended.
Code: 2134868P
2 1 3 4 8 6 8 P
Customers also purchased
Kinder Joy Egg 20g on special
Kinder Joy Egg
20g on special
$2.25
save
$0.75
20g $11.25 per 100G
Unit Price
Add
1
for $2.25

Cadbury Dairy Milk Hollow Easter Egg 50g
Cadbury Dairy Milk Hollow Easter Egg
50g
$2.50
50g $5.00 per 100G
Unit Price
Add
1
for $2.50"	[]
Kinder	Bueno Easter Eggs	$ 10 .00	147g	$6.80 per 100G	"Disclaimer:
Product details, including nutritional information and country of origin, may change from time to time and so the product you receive in your order may not reflect the information on this page. Please check the packaging on any product you purchase and if it's not what you expected, feel free to return it for a full refund.
Details
Country of Origin:
Made in Italy
Code: 5783867P
5 7 8 3 8 6 7 P
Customers also purchased
Cadbury Mint Easter Eggs Bag 115g on special
Cadbury Mint Easter Eggs Bag
115g on special
$3.00
save
$2.00
115g $2.61 per 100G
Unit Price
Add
1
for $3.00

Nestle Mini Egg Bag 500g new product
Nestle Mini Egg Bag
500g new product
$15.00
500g $3.00 per 100G
Unit Price
Add
1
for $15.00

Ferrero Rocher White Easter Eggs 90g on special twenty percent off
Ferrero Rocher White Easter Eggs
90g on special twenty percent off
$6.00
save
$1.50
90g $6.67 per 100G
Unit Price
Add
1
for $6.00

Nestle Rolo Mini Eggs 110g on special
Nestle Rolo Mini Eggs
110g on special
buy any 2 for $7.00
Any 2
$ 7
regular price
$4.50 ea
each
110g $4.09 per 100G
Unit Price
Any 2 for $7.00 ..."	[]
Mars	Milk Chocolate Mini Easter Eggs Share Bag	$ 6 .50	220g	$2.95 per 100G	"Nutrition Facts
Serving size: 1 serving = 25 g
Qty
Quantity
per serving Qty
Quantity
per 100g / 100ml %
Percentage
daily intake*
Energy 558 kJ 2230 kJ
Not provided
Protein 1.3 g 5.4 g
Not provided
Total Fat 7.7 g 30.7 g
Not provided
Saturated Fat 4.9 g 19.6 g
Not provided
Carbohydrate 15.0 g 59.9 g
Not provided
Sugars 14.0 g 56.0 g
Not provided
Sodium 30 mg 122 mg
Not provided
*Percentage Daily Intake per serving. Percentage Daily Intakes are based on an average adult diet of 8700 kJ. Your daily intakes may be higher or lower depending on your energy needs.
Disclaimer:
Product details, including nutritional information and country of origin, may change from time to time and so the product you receive in your order may not reflect the information on this page. Please check the packaging on any product you purchase and if it's not what you expected, feel free to return it for a full refund.
Details
Country of Origin:
MADE IN BELGIUM
Ingredients:
MARS MINI EGGS CONTAIN: MILK CHOCOLATE 68%, CARAMEL 18%, MALT CRME 13%. INGREDIENTS: SUGAR, MILK SOLIDS, COCOA BUTTER, GLUCOSE SYRUP, COCOA MASS, VEGETABLE OIL. VEGETABLE FAT, EMULSIFIER (SOY LECITHIN), SALT, FLAVOURS. MILK CHOCOLATE CONTAINS A MINIMUM OF 31% COCOA SOLIDS AND 24% MILK SOLIDS.
Servings Per Pack:
8.8
Storage Instructions:
STORE IN A COOL DRY PLACE.
Size:
220 g
Code: 5766347P
5 7 6 6 3 4 7 P
Customers also purchased
Cadbury Caramilk Easter Eggs Bag 235g on special
Cadbury Caramilk Easter Eggs Bag
235g on special
$6.00
save
$3.00
235g $2.55 per 100G
Unit Price
Add
1
for $6.00

Cadbury Mint Easter Eggs Bag 115g on special
Cadbury Mint Easter Eggs Bag
115g on special
$3.00
save
$2.00
115g $2.61 per 100G
Unit Price
Add
1
for $3.00

Cadbury Turkish Delight Easter Eggs Bag 117g on special
Cadbury Turkish Delight Easter Eggs Bag
117g on special
$3.00
save
$2.00
117g $2.56 per 100G
Unit Price
Add
1
for $3.00

Cadbury Strawberry Easter Eggs Bag 118g on special
Cadbury Strawberry Easter Eggs Bag
118g on special
$3.00
save
$2.00
118g $2.54 per 100G
Unit Price
Add
1
for $3.00"	['/wcsstore/Coles-CAS/images/5/7/6/5766347-th.jpg', '/wcsstore/Coles-CAS/images/5/7/6/5766347_B-th.jpg']
Cadbury	Dairy Milk Easter Gift Box	$ 10 .00	176g	$5.68 per 100G	"Nutrition Facts
Serving size: 1 serving = 25g
Qty
Quantity
per serving Qty
Quantity
per 100g / 100ml %
Percentage
daily intake*
Energy 566 KJ 2260 KJ 0
Energy Cal 0 0 0
Protein 1.9 G 7.7 G 0
Total Fat 7.8 G 31.3 G 0
Saturated Fat 4.7 G 18.9 G 0
Trans 0 0 0
Polyunsaturated 0 0 0
Mono Unsaturated 0 0 0
Carbohydrate 14.1 G 56.3 G 0
Sugars 13.7 G 54.9 G 0
Dietary Fibre Total 0 0 0
Sodium 20 MG 81 MG 0
*Percentage Daily Intake per serving. Percentage Daily Intakes are based on an average adult diet of 8700 kJ. Your daily intakes may be higher or lower depending on your energy needs.
Disclaimer:
Product details, including nutritional information and country of origin, may change from time to time and so the product you receive in your order may not reflect the information on this page. Please check the packaging on any product you purchase and if it's not what you expected, feel free to return it for a full refund.
Details
Country of Origin:
Made in Australia from Imported and Local Ingredients
Ingredients:
DAIRY MILK MILK CHOCOLATE HOLLOW EGG INGREDIENTS: FULL CREAM MILK, SUGAR, COCOA BUTTER, COCOA MASS, MILK SOLIDS, EMULSIFIERS (SOY LECITHIN, 476), FLAVOURS. MILK CHOCOLATE CONTAINS COCOA SOLIDS 28%, MILK SOLIDS MINIMUM 24%. DAIRY MILK MILK CHOCOLATE SOLID EGGS INGREDIENTS: FULL CREAM MILK, SUGAR, COCOA BUTTER, COCOA MASS, MILK SOLIDS, EMULSIFIERS (SOY LECITHIN, 476), FLAVOURS. MILK CHOCOLATE CONTAINS COCOA SOLIDS 28%, MILK SOLIDS MINIMUM 24%.
Contains:
Milk Chocolate contains Cocoa Solids 25%, Milk Solids minimum 24%. Contains milk and soy.
Allergen:
May Be Present Tree Nuts, May Be Present Peanuts, Contains Soy, Contains Milk
Servings Per Pack:
7.04
Storage Instructions:
PLEASE STORE IN COOL, DRY CONDITIONS.
Size:
176g
Code: 3407503P
3 4 0 7 5 0 3 P
Customers also purchased
Nestle Kitkat Milk Choc Easter Egg Gift Box 173g on special
Nestle Kitkat Milk Choc Easter Egg Gift Box
173g on special
$8.00
save
$2.00
173g $4.62 per 100G
Unit Price
Add
1
for $8.00

Cadbury Caramilk Easter Gift Box 153g
Cadbury Caramilk Easter Gift Box
153g
$10.00
153g $6.54 per 100G
Unit Price
Add
1
for $10.00

Cadbury Caramello Easter Gift Box 193g
Cadbury Caramello Easter Gift Box
193g
$10.00
193g $5.18 per 100G
Unit Price
Add
1
for $10.00

Cadbury Humpty Easter Gift Box 130g on special
Cadbury Humpty Easter Gift Box
130g on special
buy any 2 for $10.00
Any 2
$ 10
regular price
$7.00 ea
each
130g $5.38 per 100G
Unit Price
Any 2 for $10.00 ..."	['/wcsstore/Coles-CAS/images/3/4/0/3407503-th.jpg', '/wcsstore/Coles-CAS/images/3/4/0/3407503_L-th.jpg', '/wcsstore/Coles-CAS/images/3/4/0/3407503_R-th.jpg', '/wcsstore/Coles-CAS/images/3/4/0/3407503_B-th.jpg']
Nestle	Kitkat Milk Choc Easter Egg Gift Box	$ 8 .00	173g	$4.62 per 100G	"Nutrition Facts
Serving size: 1 serving = 25 g
Qty
Quantity
per serving Qty
Quantity
per 100g / 100ml %
Percentage
daily intake*
Energy 580 kJ 2320 kJ 7%
Protein 1.7 g 6.9 g 3%
Total Fat
Not provided
33.9 g 12%
Saturated Fat 5.1 g 20.4 g 21%
Carbohydrate 13.7 g 54.8 g 4%
Sugars 13.6 g 54.3 g 15%
Sodium 16 mg 66 mg 1%
*Percentage Daily Intake per serving. Percentage Daily Intakes are based on an average adult diet of 8700 kJ. Your daily intakes may be higher or lower depending on your energy needs.
Disclaimer:
Product details, including nutritional information and country of origin, may change from time to time and so the product you receive in your order may not reflect the information on this page. Please check the packaging on any product you purchase and if it's not what you expected, feel free to return it for a full refund.
Details
Country of Origin:
MADE IN AUSTRALIA
Ingredients:
Ingredients (Kitkat Milk Chocolate Egg) Sugar, Milk Solids, Cocoa Butter^, Cocoa Mass^, Vegetable Fats [Emulsifier ( Soy Lecithin)], Emulsifier ( Soy Lecithin), Flavour. Ingredients (Kitkat Bunny) Sugar, Milk Solids, Vegetable Fat [Emulsifier ( Soy Lecithin)], Cocoa Butter^, Cocoa Mass^, Wheat Flour, Rice Flour, Choc Paste ( Milk, Wheat, Soy ), Cocoa^, Emulsifiers ( Soy Lecithin, 476), Raising Agent (Sodium Bicarbonate), Salt, Flavour, Yeast, Processing Aid ( Wheat ). Product Contains 57% Milk Chocolate, 39 % Choc Praline F Illing, 2% Wafer and 2% Cereal Biscuit. Ingredients (Kitkat Minis) Sugar, Milk Solids, Wheat Flour, Cocoa Butter^, Vegetable Fat [Emulsifier ( Soy Lecithin)], Cocoa Mass^, Choc Paste ( Milk , Soy, Wheat ), Emulsifiers ( Soy Lecithin, 476), Cocoa^, Yeast, Raising Agent (Sodium Bicarbonate), Salt, Flavour. Product Contains 69% Milk Chocolate and 31% Wafer Fingers. Contains Milk, Soy, Gluten, Wheat. May Contain Barley, Tree Nuts, Peanuts. Milk Chocolate Contains Minimum 22% Cocoa Solids and 24% Milk Solids. ^Rainforest Alliance Certified Cocoa. Find Out More at Ra.Org
Allergen:
May Be Present Barley, Contains Soybean, May Be Present Nuts, May Be Present Peanuts, Contains Wheat, Contains Milk, Contains Cereals Containing Gluten
Servings Per Pack:
4.0
Storage Instructions:
Store Cool and Dry.
Size:
173 g
Code: 4731529P
4 7 3 1 5 2 9 P
Customers also purchased
Cadbury Caramilk Easter Gift Box 153g
Cadbury Caramilk Easter Gift Box
153g
$10.00
153g $6.54 per 100G
Unit Price
Add
1
for $10.00

Cadbury Creme Egg Easter Gift Box 193g
Cadbury Creme Egg Easter Gift Box
193g
$10.00
193g $5.18 per 100G
Unit Price
Add
1
for $10.00

Cadbury Dairy Milk Easter Gift Box 176g
Cadbury Dairy Milk Easter Gift Box
176g
$10.00
176g $5.68 per 100G
Unit Price
Add
1
for $10.00

Cadbury Humpty Easter Gift Box 130g on special
Cadbury Humpty Easter Gift Box
130g on special
buy any 2 for $10.00
Any 2
$ 10
regular price
$7.00 ea
each
130g $5.38 per 100G
Unit Price
Any 2 for $10.00 ..."	['/wcsstore/Coles-CAS/images/4/7/3/4731529-th.jpg', '/wcsstore/Coles-CAS/images/4/7/3/4731529_L-th.jpg', '/wcsstore/Coles-CAS/images/4/7/3/4731529_R-th.jpg', '/wcsstore/Coles-CAS/images/4/7/3/4731529_B-th.jpg']
Cadbury	Caramilk Easter Gift Box	$ 10 .00	153g	$6.54 per 100G	"Nutrition Facts
Serving size: 1 serving = 25g
Qty
Quantity
per serving Qty
Quantity
per 100g / 100ml %
Percentage
daily intake*
Energy 584 KJ 2340 KJ 0
Energy Cal 0 0 0
Protein 1.7 G 6.9 G 0
Total Fat 8.5 G 33.9 G 0
Saturated Fat 5 G 20.2 G 0
Trans 0 0 0
Polyunsaturated 0 0 0
Mono Unsaturated 0 0 0
Carbohydrate 14.2 G 56.7 G 0
Sugars 14.2 G 56.7 G 0
Dietary Fibre Total 0 0 0
Sodium 21 MG 86 MG 0
*Percentage Daily Intake per serving. Percentage Daily Intakes are based on an average adult diet of 8700 kJ. Your daily intakes may be higher or lower depending on your energy needs.
Disclaimer:
Product details, including nutritional information and country of origin, may change from time to time and so the product you receive in your order may not reflect the information on this page. Please check the packaging on any product you purchase and if it's not what you expected, feel free to return it for a full refund.
Details
Country of Origin:
Made in Australia
Ingredients:
CARAMILK HOLLOW EGG INGREDIENTS: FULL CREAM MILK, SUGAR, COCOA BUTTER, MILK SOLIDS, EMULSIFIERS (SOY LECITHIN, 476), FLAVOUR. WHITE CHOCOLATE CONTAINS COCOA SOLIDS 25%, MILK SOLIDS 28%. CARAMILK SOLID EGGS INGREDIENTS: FULL CREAM MILK, SUGAR, COCOA BUTTER, MILK SOLIDS, EMULSIFIERS (SOY LECITHIN, 476), FLAVOUR. WHITE CHOCOLATE CONTAINS COCOA SOLIDS 23%, MILK SOLIDS 29%.
Allergen:
May Be Present Tree Nuts, May Be Present Peanuts, Contains Soy, Contains Milk
Servings Per Pack:
6.12
Storage Instructions:
PLEASE STORE IN COOL, DRY CONDITIONS.
Size:
153g
Code: 3956567P
3 9 5 6 5 6 7 P
Customers also purchased
Nestle Kitkat Milk Choc Easter Egg Gift Box 173g on special
Nestle Kitkat Milk Choc Easter Egg Gift Box
173g on special
$8.00
save
$2.00
173g $4.62 per 100G
Unit Price
Add
1
for $8.00

Cadbury Creme Egg Easter Gift Box 193g
Cadbury Creme Egg Easter Gift Box
193g
$10.00
193g $5.18 per 100G
Unit Price
Add
1
for $10.00

Cadbury Dairy Milk Easter Gift Box 176g
Cadbury Dairy Milk Easter Gift Box
176g
$10.00
176g $5.68 per 100G
Unit Price
Add
1
for $10.00

Cadbury Humpty Easter Gift Box 130g on special
Cadbury Humpty Easter Gift Box
130g on special
buy any 2 for $10.00
Any 2
$ 10
regular price
$7.00 ea
each
130g $5.38 per 100G
Unit Price
Any 2 for $10.00 ..."	['/wcsstore/Coles-CAS/images/3/9/5/3956567-th.jpg', '/wcsstore/Coles-CAS/images/3/9/5/3956567_L-th.jpg', '/wcsstore/Coles-CAS/images/3/9/5/3956567_B-th.jpg']
Nestle	Milkybar White Chocolate Easter Egg Gift Box	$ 8 .00	168g	$4.76 per 100G	"Nutrition Facts
Serving size: 1 serving = 25 g
Qty
Quantity
per serving Qty
Quantity
per 100g / 100ml %
Percentage
daily intake*
Energy 600 kJ 2420 kJ 7%
Protein 1.8 g 7.4 g 4%
Total Fat
Not provided
38.2 g 14%
Saturated Fat 5.6 g 23.3 g 23%
Carbohydrate 12.9 g 51.7 g 4%
Sugars 12.9 g 51.7 g 14%
Sodium 19 mg 77 mg 1%
*Percentage Daily Intake per serving. Percentage Daily Intakes are based on an average adult diet of 8700 kJ. Your daily intakes may be higher or lower depending on your energy needs.
Disclaimer:
Product details, including nutritional information and country of origin, may change from time to time and so the product you receive in your order may not reflect the information on this page. Please check the packaging on any product you purchase and if it's not what you expected, feel free to return it for a full refund.
Details
Country of Origin:
MADE IN AUSTRALIA
Ingredients:
Ingredients (White Choc Easter Egg) Sugar, Vegetable Fats [Emulsifier ( Soy Lecithin)], Milk Solids, Emulsifier ( Soy Lecithin), Flavour. Ingredients (Milkybar Minis) Confectionery Sugar, Milk Solids, Vegetable Fats [Emulsifier ( Soy Lecithin)], Emulsifiers ( Soy Lecithin, 476), Flavour. Contains Milk, Soy. May Contain Tree Nuts, Peanuts, Gluten, Wheat, Barley.
Allergen:
May Be Present Cereals Containing Gluten, May Be Present Barley, Contains Soybean, May Be Present Nuts, May Be Present Peanuts, May Be Present Wheat, Contains Milk
Servings Per Pack:
4.0
Storage Instructions:
Store Cool and Dry.
Size:
168 g
Code: 4732918P
4 7 3 2 9 1 8 P
Customers also purchased
Nestle Kitkat Milk Choc Easter Egg Gift Box 173g on special
Nestle Kitkat Milk Choc Easter Egg Gift Box
173g on special
$8.00
save
$2.00
173g $4.62 per 100G
Unit Price
Add
1
for $8.00

Cadbury Caramilk Easter Gift Box 153g
Cadbury Caramilk Easter Gift Box
153g
$10.00
153g $6.54 per 100G
Unit Price
Add
1
for $10.00

Cadbury Dairy Milk Easter Gift Box 176g
Cadbury Dairy Milk Easter Gift Box
176g
$10.00
176g $5.68 per 100G
Unit Price
Add
1
for $10.00

Cadbury Humpty Easter Gift Box 130g on special
Cadbury Humpty Easter Gift Box
130g on special
buy any 2 for $10.00
Any 2
$ 10
regular price
$7.00 ea
each
130g $5.38 per 100G
Unit Price
Any 2 for $10.00 ..."	['/wcsstore/Coles-CAS/images/4/7/3/4732918-th.jpg', '/wcsstore/Coles-CAS/images/4/7/3/4732918_L-th.jpg', '/wcsstore/Coles-CAS/images/4/7/3/4732918_R-th.jpg', '/wcsstore/Coles-CAS/images/4/7/3/4732918_B-th.jpg']
Cadbury	Caramello Easter Gift Box	$ 10 .00	193g	$5.18 per 100G	"Nutrition Facts
Serving size: 1 serving = 25g
Qty
Quantity
per serving Qty
Quantity
per 100g / 100ml %
Percentage
daily intake*
Energy 540 KJ 2160 KJ 0
Energy Cal 0 0 0
Protein 1.7 G 6.8 G 0
Total Fat 7.1 G 28.3 G 0
Saturated Fat 4.3 G 17 G 0
Trans 0 0 0
Polyunsaturated 0 0 0
Mono Unsaturated 0 0 0
Carbohydrate 14.5 G 57.8 G 0
Sugars 13.1 G 52.2 G 0
Dietary Fibre Total 0 0 0
Sodium 23 MG 92 MG 0
*Percentage Daily Intake per serving. Percentage Daily Intakes are based on an average adult diet of 8700 kJ. Your daily intakes may be higher or lower depending on your energy needs.
Disclaimer:
Product details, including nutritional information and country of origin, may change from time to time and so the product you receive in your order may not reflect the information on this page. Please check the packaging on any product you purchase and if it's not what you expected, feel free to return it for a full refund.
Details
Country of Origin:
Made in Australia from Imported and Local Ingredients
Ingredients:
DAIRY MILK MILK CHOCOLATE HOLLOW EGG INGREDIENTS: FULL CREAM MILK, SUGAR, COCOA BUTTER, COCOA MASS, MILK SOLIDS, EMULSIFIERS (SOY LECITHIN, 476), FLAVOURS. MILK CHOCOLATE CONTAINS COCOA SOLIDS 28%, MILK SOLIDS MINIMUM 24%. CARAMELLO EGGS PRODUCT CONTAINS MILK CHOCOLATE (70%), CARAMEL (30%).INGREDIENTS: FULL CREAM MILK, SUGAR, GLUCOSE SYRUP, COCOA BUTTER, COCOA MASS, MILK SOLIDS, SWEETENED CONDENSED MILK (MILK, SUGAR), VEGETABLE FAT, INVERT SUGAR, EMULSIFIERS (SOY LECITHIN, 476, 471), ACIDITY REGULATOR (331), FLAVOURS, SALT. MILK CHOCOLATE CONTAINS COCOA SOLIDS 28%, MILK SOLIDS MINIMUM 24%.
Contains:
Milk chocolate contains cocoa solid 25%, milk solids minimum 24%. Caramello eggs contains milk chocolate (70%), caramel (30%).
Allergen:
May Be Present Tree Nuts, May Be Present Peanuts, Contains Soy, Contains Milk
Servings Per Pack:
7.72
Storage Instructions:
PLEASE STORE IN COOL, DRY CONDITIONS.
Size:
193g
Code: 3407570P
3 4 0 7 5 7 0 P
Customers also purchased
Cadbury Caramilk Easter Gift Box 153g
Cadbury Caramilk Easter Gift Box
153g
$10.00
153g $6.54 per 100G
Unit Price
Add
1
for $10.00

Cadbury Creme Egg Easter Gift Box 193g
Cadbury Creme Egg Easter Gift Box
193g
$10.00
193g $5.18 per 100G
Unit Price
Add
1
for $10.00

Cadbury Dairy Milk Easter Gift Box 176g
Cadbury Dairy Milk Easter Gift Box
176g
$10.00
176g $5.68 per 100G
Unit Price
Add
1
for $10.00

Nestle Milkybar White Chocolate Easter Egg Gift Box 168g on special
Nestle Milkybar White Chocolate Easter Egg Gift Box
168g on special
$8.00
save
$2.00
168g $4.76 per 100G
Unit Price
Add
1
for $8.00"	['/wcsstore/Coles-CAS/images/3/4/0/3407570-th.jpg', '/wcsstore/Coles-CAS/images/3/4/0/3407570_L-th.jpg', '/wcsstore/Coles-CAS/images/3/4/0/3407570_R-th.jpg', '/wcsstore/Coles-CAS/images/3/4/0/3407570_B-th.jpg']
Celebrations	Milk Chocolate Easter Egg	$ 10 .00	165g	$6.06 per 100G	"Nutrition Facts
Serving size: 1 serving = 25 g
Qty
Quantity
per serving Qty
Quantity
per 100g / 100ml %
Percentage
daily intake*
Energy 544 kJ 2180 kJ
Not provided
Protein 1.6 g 6.3 g
Not provided
Total Fat 6.9 g 27.6 g
Not provided
Saturated Fat 4.1 g 16.3 g
Not provided
Carbohydrate 15.2 g 60.9 g
Not provided
Sugars 14.5 g 57.8 g
Not provided
Sodium 33 mg 130 mg
Not provided
*Percentage Daily Intake per serving. Percentage Daily Intakes are based on an average adult diet of 8700 kJ. Your daily intakes may be higher or lower depending on your energy needs.
Disclaimer:
Product details, including nutritional information and country of origin, may change from time to time and so the product you receive in your order may not reflect the information on this page. Please check the packaging on any product you purchase and if it's not what you expected, feel free to return it for a full refund.
Details
Country of Origin:
MADE IN AUSTRALIA
Ingredients:
MILK CHOCOLATE EGG & CELEBRATIONS PIECES. INGREDIENTS: SUGAR, MILK SOLIDS, COCOA BUTTER, COCOA MASS, VEGETABLE FAT, PEANUTS, DESSICCATED COCONUT, GLUCOSE SYRUP, EMULSIFIERS (SOY LECITHIN, 476, 471), MALT EXTRACT (BARLEY), FLAVOURS, COCOA POWDER, SALT, HUMECTANT (422), EGG WHITE, WHEAT FLOUR, RAISING AGENTS (341, 501, 500), WHEAT GLUTEN.
Servings Per Pack:
6.6
Storage Instructions:
STORE IN A COOL DRY PLACE.
Size:
165 g e
Code: 5766358P
5 7 6 6 3 5 8 P
Customers also purchased
Cadbury Dairy Milk Easter Gift Box 176g
Cadbury Dairy Milk Easter Gift Box
176g
$10.00
176g $5.68 per 100G
Unit Price
Add
1
for $10.00

Cadbury Humpty Easter Gift Box 130g on special
Cadbury Humpty Easter Gift Box
130g on special
buy any 2 for $10.00
Any 2
$ 10
regular price
$7.00 ea
each
130g $5.38 per 100G
Unit Price
Any 2 for $10.00 ...

Cadbury Easter Bunny Tin 164g on special
Cadbury Easter Bunny Tin
164g on special
$8.00
save
$4.00
164g $4.88 per 100G
Unit Price
Add
1
for $8.00

Mars Milk Chocolate Easter Bunny Casket 175g new product
Mars Milk Chocolate Easter Bunny Casket
175g new product
$10.00
175g $5.71 per 100G
Unit Price
Add
1
for $10.00"	[]
Kit Kat	Milo Gift Box	$ 8 .00	165g	$4.85 per 100G	"Nutrition Facts
Serving size: 1 serving = 25 g
Qty
Quantity
per serving Qty
Quantity
per 100g / 100ml %
Percentage
daily intake*
Energy 580 kJ 2320 kJ 7%
Protein 1.7 g 6.9 g 3%
Total Fat
Not provided
33.9 g 12%
Saturated Fat 5.1 g 20.4 g 21%
Carbohydrate 13.7 g 54.8 g 4%
Sugars 13.6 g 54.3 g 15%
Sodium 16 mg 66 mg 1%
*Percentage Daily Intake per serving. Percentage Daily Intakes are based on an average adult diet of 8700 kJ. Your daily intakes may be higher or lower depending on your energy needs.
Disclaimer:
Product details, including nutritional information and country of origin, may change from time to time and so the product you receive in your order may not reflect the information on this page. Please check the packaging on any product you purchase and if it's not what you expected, feel free to return it for a full refund.
Details
Country of Origin:
MADE IN AUSTRALIA
Ingredients:
Kitkat Milk Chocolate Egg Ingredients: Sugar, Milk Solids, Cocoa Butter^, Cocoa Mass^, Vegetable Fats [Emulsifier ( Soy Lecithin)], Emulsifier ( Soy Lecithin), Flavour. Kitkat Chunky Milo Ingredients: Sugar, Vegetable Fat [Emulsifier ( Soy Lecithin)], Formulated Supplementary Food Base: Milo (16%) [Extract of Malt Barley Or Malt Barley and Rice, Milk Solids, Sugar, Cocoa^, Choc Malt Blend ( Barley , Milk, Soy ), Minerals (Calcium, Iron), Maltodextrin (Corn), Emulsifier ( Soy Lecithin), Vitamins (C, B3, B6, B2, D, B12)], Milk Solids, Wheat Flour, Cocoa Butter^, Cocoa Mass^, Choc Paste ( Milk , Wheat , Soy ), Glucose, Emulsifiers ( Soy Lecithin, 476), Cocoa^, Flavour, Raising Agent (Sodium Bicarbonate), Salt, Yeast, Processing Aid ( Wheat ). Product Contains 53% Milk Chocolate, 16% Wafer Finger and 31% Milo Based Soft Filling. Contains Milk, Soy, Gluten, Wheat. May Contain Peanut, Tree Nut. Milk Chocolate Contains Minimum 22% Cocoa Solids and 24% Milk Solids. ^Rainforest Alliance Certified Cocoa. Find Out More at Ra.Org
Allergen:
Contains Soybean, May Be Present Nuts, May Be Present Peanuts, Contains Wheat, Contains Milk, Contains Cereals Containing Gluten
Servings Per Pack:
4.0
Storage Instructions:
Store Cool and Dry.
Size:
165 g
Code: 5747819P
5 7 4 7 8 1 9 P
Customers also purchased
Nestle Kitkat Milk Choc Easter Egg Gift Box 173g on special
Nestle Kitkat Milk Choc Easter Egg Gift Box
173g on special
$8.00
save
$2.00
173g $4.62 per 100G
Unit Price
Add
1
for $8.00

Cadbury Caramilk Easter Gift Box 153g
Cadbury Caramilk Easter Gift Box
153g
$10.00
153g $6.54 per 100G
Unit Price
Add
1
for $10.00

Cadbury Humpty Easter Gift Box 130g on special
Cadbury Humpty Easter Gift Box
130g on special
buy any 2 for $10.00
Any 2
$ 10
regular price
$7.00 ea
each
130g $5.38 per 100G
Unit Price
Any 2 for $10.00 ...

Cadbury Easter Bunny Tin 164g on special
Cadbury Easter Bunny Tin
164g on special
$8.00
save
$4.00
164g $4.88 per 100G
Unit Price
Add
1
for $8.00"	['/wcsstore/Coles-CAS/images/5/7/4/5747819-th.jpg', '/wcsstore/Coles-CAS/images/5/7/4/5747819_B-th.jpg']
Cadbury	Creme Egg Easter Gift Box	$ 10 .00	193g	$5.18 per 100G	"Nutrition Facts
Serving size: 1 serving = 25g
Qty
Quantity
per serving Qty
Quantity
per 100g / 100ml %
Percentage
daily intake*
Energy 535 KJ 2140 KJ 0
Energy Cal 0 0 0
Protein 1.2 G 4.9 G 0
Total Fat 6.6 G 26.2 G 0
Saturated Fat 4 G 15.8 G 0
Trans 0 0 0
Polyunsaturated 0 0 0
Mono Unsaturated 0 0 0
Carbohydrate 15.7 G 62.9 G 0
Sugars 15.2 G 60.8 G 0
Dietary Fibre Total 0 0 0
Sodium 18 MG 73 MG 0
*Percentage Daily Intake per serving. Percentage Daily Intakes are based on an average adult diet of 8700 kJ. Your daily intakes may be higher or lower depending on your energy needs.
Disclaimer:
Product details, including nutritional information and country of origin, may change from time to time and so the product you receive in your order may not reflect the information on this page. Please check the packaging on any product you purchase and if it's not what you expected, feel free to return it for a full refund.
Details
Country of Origin:
Made in Australia from Imported and Local Ingredients
Ingredients:
DAIRY MILK MILK CHOCOLATE HOLLOW EGG INGREDIENTS: FULL CREAM MILK, SUGAR, COCOA BUTTER, COCOA MASS, MILK SOLIDS, EMULSIFIERS (SOY LECITHIN, 476), FLAVOURS. MILK CHOCOLATE CONTAINS COCOA SOLIDS 28%, MILK SOLIDS MINIMUM 24%. MINI CREME EGGS PRODUCT CONTAINS MILK CHOCOLATE (70%), FONDANT CENTRE (30%). INGREDIENTS: SUGAR, MILK SOLIDS, COCOA BUTTER, COCOA MASS, INVERT SUGAR, GLUCOSE SYRUP, EMULSIFIERS (SOY LECITHIN, 476), HUMECTANT (422), PRESERVATIVE (202), FOOD ACID (260), FLAVOURS, COLOUR (100). MILK CHOCOLATE CONTAINS COCOA SOLIDS 26%, MILK SOLIDS 23%.
Contains:
Milk chocolate contains cocoa solids 28%, milk solids minimum 24%. Milk and soy.
Allergen:
May Be Present Tree Nuts, May Be Present Peanuts, Contains Soy, Contains Milk
Servings Per Pack:
7.72
Storage Instructions:
PLEASE STORE IN COOL, DRY CONDITIONS.
Size:
193g
Warning:
NOT ALL VARIETIES OF CADBURY CREME EGG HAVE THE SAME ALLERGENS
Code: 3651049P
3 6 5 1 0 4 9 P
Customers also purchased
Nestle Kitkat Milk Choc Easter Egg Gift Box 173g on special
Nestle Kitkat Milk Choc Easter Egg Gift Box
173g on special
$8.00
save
$2.00
173g $4.62 per 100G
Unit Price
Add
1
for $8.00

Cadbury Caramilk Easter Gift Box 153g
Cadbury Caramilk Easter Gift Box
153g
$10.00
153g $6.54 per 100G
Unit Price
Add
1
for $10.00

Cadbury Dairy Milk Easter Gift Box 176g
Cadbury Dairy Milk Easter Gift Box
176g
$10.00
176g $5.68 per 100G
Unit Price
Add
1
for $10.00

Cadbury Humpty Easter Gift Box 130g on special
Cadbury Humpty Easter Gift Box
130g on special
buy any 2 for $10.00
Any 2
$ 10
regular price
$7.00 ea
each
130g $5.38 per 100G
Unit Price
Any 2 for $10.00 ..."	['/wcsstore/Coles-CAS/images/3/6/5/3651049-th.jpg', '/wcsstore/Coles-CAS/images/3/6/5/3651049_L-th.jpg', '/wcsstore/Coles-CAS/images/3/6/5/3651049_B-th.jpg']
Cadbury	Dairy Milk Easter Egg Gift Box	$ 20 .00	400g	$5.00 per 100G	"Nutrition Facts
Serving size: 1 serving = 25g
Qty
Quantity
per serving Qty
Quantity
per 100g / 100ml %
Percentage
daily intake*
Energy 565 KJ 2260 KJ 0
Energy Cal 0 0 0
Protein 1.9 G 7.5 G 0
Total Fat 7.9 G 31.4 G 0
Saturated Fat 4.7 G 18.7 G 0
Trans 0 0 0
Polyunsaturated 0 0 0
Mono Unsaturated 0 0 0
Carbohydrate 14 G 56.1 G 0
Sugars 13.7 G 54.8 G 0
Dietary Fibre Total 0 0 0
Sodium 20 MG 82 MG 0
*Percentage Daily Intake per serving. Percentage Daily Intakes are based on an average adult diet of 8700 kJ. Your daily intakes may be higher or lower depending on your energy needs.
Disclaimer:
Product details, including nutritional information and country of origin, may change from time to time and so the product you receive in your order may not reflect the information on this page. Please check the packaging on any product you purchase and if it's not what you expected, feel free to return it for a full refund.
Details
Country of Origin:
Made in Australia from Imported and Local Ingredients
Ingredients:
DAIRY MILK MILK CHOCOLATE HOLLOW EGG INGREDIENTS: FULL CREAM MILK, SUGAR, COCOA BUTTER, COCOA MASS, MILKSOLIDS, EMULSIFIERS (SOYLECITHIN, 476), FLAVOURS. MILK CHOCOLATE CONTAINS COCOA SOLIDS 28%, MILK SOLIDS MINIMUM 24%. CONTAINS MILK, SOY. MAY CONTAIN PEANUTS, TREE NUTS. DAIRY MILK MILK CHOCOLATE SOLID EGGS INGREDIENTS: FULL CREAM MILK, SUGAR, COCOA BUTTER, COCOA MASS, MILKSOLIDS, EMULSIFIERS (SOYLECITHIN, 476), FLAVOURS. MILK CHOCOLATE CONTAINS COCOA SOLIDS 28%, MILK SOLIDS MINIMUM 24%. CONTAINS MILK, SOY. MAY CONTAIN PEANUTS, TREE NUTS.
Contains:
Milk Chocolate contains Cocoa Solids 25%, Milk Solids minimum 24%. Contains Milk and Soy.
Allergen:
May Be Present Tree Nuts, May Be Present Peanuts, Contains Soy, Contains Milk
Servings Per Pack:
16.0
Storage Instructions:
PLEASE STORE IN COOL, DRY CONDITIONS.
Size:
400g
Code: 3407605P
3 4 0 7 6 0 5 P
Customers also purchased
Cadbury Cherry Ripe Hollow Easter Egg 110g on special
Cadbury Cherry Ripe Hollow Easter Egg
110g on special
buy any 2 for $6.00
Any 2
$ 6
regular price
$4.00 ea
each
110g $3.64 per 100G
Unit Price
Any 2 for $6.00 ..."	['/wcsstore/Coles-CAS/images/3/4/0/3407605-th.jpg', '/wcsstore/Coles-CAS/images/3/4/0/3407605_B-th.jpg']
Cadbury	Marvellous Creations Easter Bunny Gift Box	$ 12 .00	232g	$5.17 per 100G	"Nutrition Facts
Serving size: 1 serving = 25g
Qty
Quantity
per serving Qty
Quantity
per 100g / 100ml %
Percentage
daily intake*
Energy 556 KJ 2220 KJ 0
Energy Cal 0 0 0
Protein 1.8 G 7.1 G 0
Total Fat 7.4 G 29.7 G 0
Saturated Fat 4.4 G 17.7 G 0
Trans 0 0 0
Polyunsaturated 0 0 0
Mono Unsaturated 0 0 0
Carbohydrate 14.5 G 58 G 0
Sugars 14 G 56.1 G 0
Dietary Fibre Total 0 0 0
Sodium 20 MG 81 MG 0
*Percentage Daily Intake per serving. Percentage Daily Intakes are based on an average adult diet of 8700 kJ. Your daily intakes may be higher or lower depending on your energy needs.
Disclaimer:
Product details, including nutritional information and country of origin, may change from time to time and so the product you receive in your order may not reflect the information on this page. Please check the packaging on any product you purchase and if it's not what you expected, feel free to return it for a full refund.
Details
Country of Origin:
Made in Australia
Ingredients:
DAIRY MILK MILK CHOCOLATE HOLLOW EGG INGREDIENTS: FULL CREAM MILK, SUGAR, COCOA BUTTER, COCOA MASS, MILK SOLIDS, EMULSIFIERS (SOY LECITHIN, 476), FLAVOURS. MILK CHOCOLATE CONTAINS COCOA SOLIDS 28%, MILK SOLIDS MINIMUM 24%. CONTAINS MILK, SOY. MAY CONTAIN PEANUTS, TREE NUTS. MARVELLOUS CREATIONS BUNNIES PRODUCT CONTAINS MILK CHOCOLATE (91%), BEANIES (3.5%), RASPBERRY FLAVOURED JELLY PIECES (3%), POPPING CANDY (2.5%). INGREDIENTS: FULL CREAM MILK, SUGAR, COCOA BUTTER, COCOA MASS, MILK SOLIDS, BEANIES (CONTAIN MILK, SPIRULINA EXTRACT, COLOURS (163, 100, 141, 160a)), RASPBERRY FLAVOURED JELLY PIECES (CONTAIN FLAVOUR), POPPING CANDY (CONTAINS MILK, CARBON DIOXIDE), EMULSIFIERS (SOY LECITHIN, 476), FLAVOURS. MILK CHOCOLATE CONTAINS COCOA SOLIDS 27%, MILK SOLIDS MINIMUM 24%. CONTAINS MILK, SOY. MAY CONTAIN WHEAT, GLUTEN, PEANUTS, TREE NUTS.
Allergen:
May Be Present Tree Nuts, May Be Present Peanuts, May Be Present Wheat, May Be Present Gluten, Contains Soy, Contains Milk
Servings Per Pack:
9.28
Storage Instructions:
PLEASE STORE IN COOL, DRY CONDITIONS.
Size:
232g
Code: 5766008P
5 7 6 6 0 0 8 P
Customers also purchased
Cadbury Dairy Milk Easter Gift Box 176g
Cadbury Dairy Milk Easter Gift Box
176g
$10.00
176g $5.68 per 100G
Unit Price
Add
1
for $10.00

Darrell Lea Nougat Egg Milk Chocolate 150g
Darrell Lea Nougat Egg Milk Chocolate
150g
$8.50
150g $5.67 per 100G
Unit Price
Add
1
for $8.50

Cadbury Humpty Easter Gift Box 130g on special
Cadbury Humpty Easter Gift Box
130g on special
buy any 2 for $10.00
Any 2
$ 10
regular price
$7.00 ea
each
130g $5.38 per 100G
Unit Price
Any 2 for $10.00 ...

Mars Milk Chocolate Easter Bunny Casket 175g new product
Mars Milk Chocolate Easter Bunny Casket
175g new product
$10.00
175g $5.71 per 100G
Unit Price
Add
1
for $10.00"	['/wcsstore/Coles-CAS/images/5/7/6/5766008-th.jpg', '/wcsstore/Coles-CAS/images/5/7/6/5766008_L-th.jpg', '/wcsstore/Coles-CAS/images/5/7/6/5766008_R-th.jpg', '/wcsstore/Coles-CAS/images/5/7/6/5766008_B-th.jpg']
Mars	Milk Chocolate Easter Bunny Casket	$ 10 .00	175g	$5.71 per 100G	"Nutrition Facts
Serving size: 1 serving = 25 g
Qty
Quantity
per serving Qty
Quantity
per 100g / 100ml %
Percentage
daily intake*
Energy 532 kJ 2130 kJ
Not provided
Protein 1.4 g 5.7 g
Not provided
Total Fat 6.4 g 25.8 g
Not provided
Saturated Fat 3.7 g 14.8 g
Not provided
Carbohydrate 15.7 g 62.7 g
Not provided
Sugars 14.5 g 58.1 g
Not provided
Sodium 30 mg 120 mg
Not provided
*Percentage Daily Intake per serving. Percentage Daily Intakes are based on an average adult diet of 8700 kJ. Your daily intakes may be higher or lower depending on your energy needs.
Disclaimer:
Product details, including nutritional information and country of origin, may change from time to time and so the product you receive in your order may not reflect the information on this page. Please check the packaging on any product you purchase and if it's not what you expected, feel free to return it for a full refund.
Details
Country of Origin:
MADE IN AUSTRALIA
Ingredients:
MILK CHOCOLATE EGG INGREDIENTS: SUGAR, MILK SOLIDS, COCOA BUTTER, COCOA MASS, VEGETABLE FAT, EMULSIFIERS (SOY LECITHIN, 476), FLAVOUR. MILK CHOCOLATE CONTAINS COCOA SOLIDS 25%, MILK SOLIDS 26%. MARS BAR CONTAINS MILK CHOCOLATE 40%, NOUGAT 31%, CARAMEL 28% INGREDIENTS: SUGAR, GLUCOSE SYRUP (SOURCES INCLUDE WHEAT), MILK SOLIDS, COCOA MASS, COCOA BUTTER, VEGETABLE OIL, VEGETABLE FAT, BARLEY MALT EXTRACT, EMULSIFIER (SOY LECITHIN), SALT, EGG WHITE, NATURAL FLAVOUR (VANILLA EXTRACT). MILK CHOCOLATE CONTAINS A MINIMUM OF 25% COCOA SOLIDS AND 22% MILK SOLIDS.
Servings Per Pack:
7.0
Storage Instructions:
STORE IN A COOL DRY PLACE
Size:
175 g e
Code: 4735610P
4 7 3 5 6 1 0 P
Customers also purchased
Cadbury Dairy Milk Easter Gift Box 176g
Cadbury Dairy Milk Easter Gift Box
176g
$10.00
176g $5.68 per 100G
Unit Price
Add
1
for $10.00

Nestle Milkybar White Chocolate Easter Egg Gift Box 168g on special
Nestle Milkybar White Chocolate Easter Egg Gift Box
168g on special
$8.00
save
$2.00
168g $4.76 per 100G
Unit Price
Add
1
for $8.00

Cadbury Humpty Easter Gift Box 130g on special
Cadbury Humpty Easter Gift Box
130g on special
buy any 2 for $10.00
Any 2
$ 10
regular price
$7.00 ea
each
130g $5.38 per 100G
Unit Price
Any 2 for $10.00 ...

Celebrations Milk Chocolate Easter Egg 165g new product
Celebrations Milk Chocolate Easter Egg
165g new product
$10.00
165g $6.06 per 100G
Unit Price
Add
1
for $10.00"	['/wcsstore/Coles-CAS/images/4/7/3/4735610-th.jpg', '/wcsstore/Coles-CAS/images/4/7/3/4735610_B-th.jpg']
Lindt	Lindor Milk Mini Eggs & Milk Egg Giftbox	$ 11 .25	83g	$13.55 per 100G	"Nutrition Facts
Qty
Quantity
per serving Qty
Quantity
per 100g / 100ml %
Percentage
daily intake*
Energy 490kJ 2450kJ
Not provided
Protein 1.5g 7.3g
Not provided
Total Fat 8.6g 43.1g
Not provided
Saturated Fat 5.9g 29.3g
Not provided
Carbohydrate 8.0g 39.9g
Not provided
Sugars 7.5g 37.6g
Not provided
Sodium 13mg 63mg
Not provided
*Percentage Daily Intake per serving. Percentage Daily Intakes are based on an average adult diet of 8700 kJ. Your daily intakes may be higher or lower depending on your energy needs.
Disclaimer:
Product details, including nutritional information and country of origin, may change from time to time and so the product you receive in your order may not reflect the information on this page. Please check the packaging on any product you purchase and if it's not what you expected, feel free to return it for a full refund.
Details
Country of Origin:
Lindor Mini Eggs manufactured in
Contains:
Milk Chocolate contains: cocoa solids 30% min., milk solids 18% min.
Allergen:
May Be Present Peanuts
Size:
83g
Code: 3946199P
3 9 4 6 1 9 9 P"	['/wcsstore/Coles-CAS/images/3/9/4/3946199-th.jpg', '/wcsstore/Coles-CAS/images/3/9/4/3946199_B-th.jpg']
Lindt	Lindor Dark Mini Eggs & Dark Egg Giftbox	$ 11 .25	83g	$13.55 per 100G	"Nutrition Facts
Serving size: 1 serving = 20g
Qty
Quantity
per serving Qty
Quantity
per 100g / 100ml %
Percentage
daily intake*
Energy 486kJ 2430kJ
Not provided
Protein 1.3g 6.6g
Not provided
Total Fat 8.5g 42.6g
Not provided
Saturated Fat 5.8g 28.8g
Not provided
Carbohydrate 8.0g 39.9g
Not provided
Sugars 7.3g 36.5g
Not provided
Sodium 5mg 27mg
Not provided
*Percentage Daily Intake per serving. Percentage Daily Intakes are based on an average adult diet of 8700 kJ. Your daily intakes may be higher or lower depending on your energy needs.
Disclaimer:
Product details, including nutritional information and country of origin, may change from time to time and so the product you receive in your order may not reflect the information on this page. Please check the packaging on any product you purchase and if it's not what you expected, feel free to return it for a full refund.
Details
Country of Origin:
Lindor Mini Eggs manufactured in
Ingredients:
Cocoa mass, sugar, vegetable fats, cocoa butter, lactose, milk fat, skim milk powder, whole milk powder, vanilla, emulsifier (soy lecithin), flavourings, barley malt extract.
Contains:
70% Cocoa Dark Chocolate Egg contains: cocoa solids 70% min. LINDOR Dark Chocolate Mini Eggs contains: cocoa solids 41% min.
Allergen:
May Be Present Tree Nuts
Servings Per Pack:
4.1
Storage Instructions:
Store in a cool dry place
Size:
83g
Code: 3946177P
3 9 4 6 1 7 7 P"	['/wcsstore/Coles-CAS/images/3/9/4/3946177-th.jpg', '/wcsstore/Coles-CAS/images/3/9/4/3946177_B-th.jpg']
Lindt	Lindor Assorted Mini Eggs & Milk Egg Giftbox	$ 11 .25	83g	$13.55 per 100G	"Nutrition Facts
Serving size: 1 serving = 20g
Qty
Quantity
per serving Qty
Quantity
per 100g / 100ml %
Percentage
daily intake*
Energy 490kJ 2450kJ
Not provided
Protein 1.5g 7.3g
Not provided
Total Fat 8.6g 43.2g
Not provided
Saturated Fat 5.8g 29.1
Not provided
Carbohydrate 7.9g 39.6g
Not provided
Sugars 7.4g 36.8g
Not provided
Sodium 9mg 47mg
Not provided
*Percentage Daily Intake per serving. Percentage Daily Intakes are based on an average adult diet of 8700 kJ. Your daily intakes may be higher or lower depending on your energy needs.
Disclaimer:
Product details, including nutritional information and country of origin, may change from time to time and so the product you receive in your order may not reflect the information on this page. Please check the packaging on any product you purchase and if it's not what you expected, feel free to return it for a full refund.
Details
Country of Origin:
Lindor Mini Eggs manufactured in
Ingredients:
Sugar, cocoa butter, whole milk powder, cocoa mass, vegetable fats, lactose, skim milk powder, milk fat, emulsifier (soy lecithin), barley malt extract, flavourings.
Contains:
Milk Chocolate contains: cocoa solids 30% min., milk solids 18% min. Dark Chocolate contains: cocoa solids 41% min. White Chocolate contains: cocoa solids 20% min.
Allergen:
May Be Present Sesame
Servings Per Pack:
4.1
Storage Instructions:
Store in a cool dry place
Size:
83g
Code: 3946188P
3 9 4 6 1 8 8 P"	['/wcsstore/Coles-CAS/images/3/9/4/3946188-th.jpg', '/wcsstore/Coles-CAS/images/3/9/4/3946188_B-th.jpg']
Lindt	Hexagon Selection Box	$ 26 .00	250g	$10.40 per 100G	"Nutrition Facts
Serving size: 1 serving = 25g
Qty
Quantity
per serving Qty
Quantity
per 100g / 100ml %
Percentage
daily intake*
Energy 609kJ 2440kJ
Not provided
Protein 1.8g 7.3g
Not provided
Total Fat 10.3g 41.1g
Not provided
Saturated Fat 6.8g 27.4g
Not provided
Carbohydrate 11.3g 45.1g
Not provided
Sugars 10.8g 43.2g
Not provided
Sodium 18mg 73mg
Not provided
*Percentage Daily Intake per serving. Percentage Daily Intakes are based on an average adult diet of 8700 kJ. Your daily intakes may be higher or lower depending on your energy needs.
Disclaimer:
Product details, including nutritional information and country of origin, may change from time to time and so the product you receive in your order may not reflect the information on this page. Please check the packaging on any product you purchase and if it's not what you expected, feel free to return it for a full refund.
Details
Country of Origin:
Lindor eggs, gold bunnya s manufactured in Germany, carrot manufactured in Austria, milk egg chocolate manufactured in Switzerland,egg moulded and imported and packed in Australia
Ingredients:
Sugar, cocoa butter, whole milk powder, cocoa mass, vegetable fats, skim milk powder, lactose, emulsifier (soy lecithin), milk fat, barley malt extract, flavourings.
Contains:
Milk Chocolate contains: cocoa solids 30% min., milk solids 18% min.
Allergen:
May Be Present Sesame, May Be Present Tree Nuts, May Be Present Peanuts, May Be Present Wheat
Servings Per Pack:
10.0
Storage Instructions:
Store in a cool and dry place.
Size:
250g
Warning:
Quality Guarantee The incomparable taste of this Lindt chocolate product is due to our using the highest quality ingredients and our traditional Swiss manufacturing know-how. This product left our factory in impeccable condition. Were it damaged on its way to you, please return it to us and we will replace it. Chocoladefabriken Lindt & Sprngli AG Kilchberg / Switzerland
Code: 6088194P
6 0 8 8 1 9 4 P"	['/wcsstore/Coles-CAS/images/6/0/8/6088194-th.jpg', '/wcsstore/Coles-CAS/images/6/0/8/6088194_B-th.jpg']
Cadbury	15-Pack Happy Easter Eggs Carton	$ 10 .00	250g	$4.00 per 100G	"Nutrition Facts
Serving size: 1 serving = 17g
Qty
Quantity
per serving Qty
Quantity
per 100g / 100ml %
Percentage
daily intake*
Energy 385 kJ 2270 kJ 0
Energy Cal 0 0 0
Protein 1.3 g 7.7 g 0
Total Fat 5.4 g 31.5 g 0
Saturated Fat 3.2 g 19 g 0
Trans 0 0 0
Polyunsaturated 0 0 0
Mono Unsaturated 0 0 0
Carbohydrate 9.5 g 56.1 g 0
Sugars 9.3 g 54.8 g 0
Dietary Fibre Total 0 0 0
Sodium 14 mg 81 mg 0
*Percentage Daily Intake per serving. Percentage Daily Intakes are based on an average adult diet of 8700 kJ. Your daily intakes may be higher or lower depending on your energy needs.
Disclaimer:
Product details, including nutritional information and country of origin, may change from time to time and so the product you receive in your order may not reflect the information on this page. Please check the packaging on any product you purchase and if it's not what you expected, feel free to return it for a full refund.
Details
Ingredients:
INGREDIENTS: FULL CREAM MILK, SUGAR, COCOA BUTTER, COCOA MASS, MILK SOLIDS, EMULSIFIERS (SOY LECITHIN, 476), FLAVOURS.
Contains:
MILK CHOCOLATE CONTAINS COCOA SOLIDS 28%, MILK SOLIDS MINIMUM 24%.
Allergen:
May Be Present Tree Nuts, May Be Present Peanuts, Contains Soy, Contains Milk
Servings Per Pack:
14.7058823529412
Storage Instructions:
PLEASE STORE IN COOL, DRY CONDITIONS.
Size:
250g
Code: 6280792P
6 2 8 0 7 9 2 P
Customers also purchased
Lindt Easter Medley Bag 415g on special
Lindt Easter Medley Bag
415g on special
buy any 2 for $34.00
Any 2
$ 34
regular price
$34.00 ea
each
415g $8.19 per 100G
Unit Price
Any 2 for $34.00 ...

Cadbury Humpty Easter Eggs Carton 150g on special
Cadbury Humpty Easter Eggs Carton
150g on special
buy any 2 for $10.00
Any 2
$ 10
regular price
$7.00 ea
each
150g $4.67 per 100G
Unit Price
Any 2 for $10.00 ...

Cadbury 10-Pack Easter Eggs Crate 170g on special
Cadbury 10-Pack Easter Eggs Crate
170g on special
buy 2 for $12.00
2 for
$ 12
regular price
$8.00 ea
each
170g $4.71 per 100G
Unit Price
Add
2
for $12.00"	['/wcsstore/Coles-CAS/images/6/2/8/6280792-th.jpg', '/wcsstore/Coles-CAS/images/6/2/8/6280792_L-th.jpg', '/wcsstore/Coles-CAS/images/6/2/8/6280792_R-th.jpg', '/wcsstore/Coles-CAS/images/6/2/8/6280792_B-th.jpg']
Easter	Milk Chocolate Coins	$ 2 .00	100g	$2.00 per 100G	"Nutrition Facts
Qty
Quantity
per serving Qty
Quantity
per 100g / 100ml %
Percentage
daily intake*
Energy 539.10 2156.40
Not provided
Energy Cal 128.97 515.89
Not provided
Protein 1.40 5.60
Not provided
Total Fat 6.68 26.70
Not provided
Saturated Fat 4.15 16.60
Not provided
Trans 0.03 0.10
Not provided
Carbohydrate 15.53 62.10
Not provided
Sugars 15.28 61.10
Not provided
Dietary Fibre Total 0.55 2.20
Not provided
Sodium 27.00 108.00
Not provided
*Percentage Daily Intake per serving. Percentage Daily Intakes are based on an average adult diet of 8700 kJ. Your daily intakes may be higher or lower depending on your energy needs.
Disclaimer:
Product details, including nutritional information and country of origin, may change from time to time and so the product you receive in your order may not reflect the information on this page. Please check the packaging on any product you purchase and if it's not what you expected, feel free to return it for a full refund.
Details
Country of Origin:
Made in Italy
Ingredients:
INGREDIENTS: Sugar, Milk Solids, Cocoa Butter^, Cocoa Mass^, Emulsifier (Soy Lecithin), Natural Flavour.
Allergen:
May Contain Pine, May Contain Walnut, Contains SOY, May Contain Macadamia Nuts, May Contain Cashew, May Contain Hazelnuts, May Contain Brazil Nuts, May Contain Wheat, Contains MILK, May Contain Almonds, May Contain Pistachios, May Contain Gluten, May Contain Pecan
Code: 3645080P
3 6 4 5 0 8 0 P
Customers also purchased
Cadbury Mini Eggs Easter Flip Top 41.5g on special
Cadbury Mini Eggs Easter Flip Top
41.5g on special
buy any 2 for $3.00
Any 2
$ 3
regular price
$2.00 ea
each
41.5g $4.82 per 100G
Unit Price
Any 2 for $3.00 ...

Kinder Chocolate Easter Bunnies 3 Pack 45g on special
Kinder Chocolate Easter Bunnies 3 Pack
45g on special
$2.20
save
$0.50
45g $4.89 per 100G
Unit Price
Add
1
for $2.20

Maltesers Milk Chocolate Easter Bunny 29g while stocks last product
Maltesers Milk Chocolate Easter Bunny
29g while stocks last product
$1.00
save
$0.25
29g $3.45 per 100G
Unit Price
Add
1
for $1.00

Cadbury Marvellous Creations Easter Bunny 33g on special
Cadbury Marvellous Creations Easter Bunny
33g on special
buy any 2 for $3.00
Any 2
$ 3
regular price
$2.00 ea
each
33g $6.06 per 100G
Unit Price
Any 2 for $3.00 ..."	['/wcsstore/Coles-CAS/images/3/6/4/3645080-th.jpg', '/wcsstore/Coles-CAS/images/3/6/4/3645080_B-th.jpg']
Kinder	Joy Egg	$ 2 .25	20g	$11.25 per 100G	"Disclaimer:
Product details, including nutritional information and country of origin, may change from time to time and so the product you receive in your order may not reflect the information on this page. Please check the packaging on any product you purchase and if it's not what you expected, feel free to return it for a full refund.
Code: 3136417P
3 1 3 6 4 1 7 P
Customers also purchased
Cadbury Dairy Milk Hollow Easter Egg 100g on special
Cadbury Dairy Milk Hollow Easter Egg
100g on special
buy any 2 for $6.00
Any 2
$ 6
regular price
$4.00 ea
each
100g $4.00 per 100G
Unit Price
Any 2 for $6.00 ...

Kinder Surprise Chocolate Maxi Easter Egg Blue 100g on special
Kinder Surprise Chocolate Maxi Easter Egg Blue
100g on special
$7.60
save
$0.90
100g $7.60 per 100G
Unit Price
Add
1
for $7.60

Ferrero Rocher Easter Eggs 100g new product
Ferrero Rocher Easter Eggs
100g new product
$7.50
100g $7.50 per 100G
Unit Price
Add
1
for $7.50

Kinder Mini Milk Easter Eggs 240g on special
Kinder Mini Milk Easter Eggs
240g on special
$7.00
save
$2.00
240g $2.92 per 100G
Unit Price
Add
1
for $7.00"	['/wcsstore/Coles-CAS/images/3/1/3/3136417-th.jpg', '/wcsstore/Coles-CAS/images/3/1/3/3136417_L-th.jpg', '/wcsstore/Coles-CAS/images/3/1/3/3136417_R-th.jpg']
Lindt	Koala Bear	$ 8 .00	100g	$8.00 per 100G	"Disclaimer:
Product details, including nutritional information and country of origin, may change from time to time and so the product you receive in your order may not reflect the information on this page. Please check the packaging on any product you purchase and if it's not what you expected, feel free to return it for a full refund.
Details
Country of Origin:
Manufactured in Germany
Code: 4314634P
4 3 1 4 6 3 4 P"	['/wcsstore/Coles-CAS/images/4/3/1/4314634-th.jpg', '/wcsstore/Coles-CAS/images/4/3/1/4314634_L-th.jpg', '/wcsstore/Coles-CAS/images/4/3/1/4314634_B-th.jpg']
Kinder	Chicks	$ 1 .50	35g	$4.29 per 100G	"Disclaimer:
Product details, including nutritional information and country of origin, may change from time to time and so the product you receive in your order may not reflect the information on this page. Please check the packaging on any product you purchase and if it's not what you expected, feel free to return it for a full refund.
Code: 4788231P
4 7 8 8 2 3 1 P
Customers also purchased
Cadbury Marshmallow Easter Egg 35g everyday product
Cadbury Marshmallow Easter Egg
35g everyday product
$1.00
35g $2.86 per 100G
Unit Price
Add
1
for $1.00

Violet Crumble Bunny 30g on special
Violet Crumble Bunny
30g on special
$1.00
save
$0.25
30g $3.33 per 100G
Unit Price
Add
1
for $1.00

Kinder Surprise Chocolate Easter Bunny Pink 75g on special twenty percent off
Kinder Surprise Chocolate Easter Bunny Pink
75g on special twenty percent off
$4.00
save
$1.00
75g $5.33 per 100G
Unit Price
Add
1
for $4.00

Kinder Surprise Chocolate Easter Bunny Blue 75g on special twenty percent off
Kinder Surprise Chocolate Easter Bunny Blue
75g on special twenty percent off
$4.00
save
$1.00
75g $5.33 per 100G
Unit Price
Add
1
for $4.00"	['/wcsstore/Coles-CAS/images/4/7/8/4788231-th.jpg', '/wcsstore/Coles-CAS/images/4/7/8/4788231_L-th.jpg', '/wcsstore/Coles-CAS/images/4/7/8/4788231_R-th.jpg']
Easter	Belgian Milk Choc Pops	$ 2 .80	30g	$9.33 per 100G	"Nutrition Facts
Serving size: 1 serving = 30g
Qty
Quantity
per serving Qty
Quantity
per 100g / 100ml %
Percentage
daily intake*
Energy 813.37 2323.90
Not provided
Energy Cal 194.58 555.96
Not provided
Protein 2.84 8.10
Not provided
Total Fat 12.25 35.00
Not provided
Saturated Fat 7.58 21.65
Not provided
Trans 0.32 0.90
Not provided
Carbohydrate 18.20 52.00
Not provided
Sugars 17.85 51.00
Not provided
Dietary Fibre Total 0.32 0.90
Not provided
Sodium 33.60 96.00
Not provided
*Percentage Daily Intake per serving. Percentage Daily Intakes are based on an average adult diet of 8700 kJ. Your daily intakes may be higher or lower depending on your energy needs.
Disclaimer:
Product details, including nutritional information and country of origin, may change from time to time and so the product you receive in your order may not reflect the information on this page. Please check the packaging on any product you purchase and if it's not what you expected, feel free to return it for a full refund.
Details
Country of Origin:
Made in Belgium
Allergen:
May Contain SOY
Code: 3655141P
3 6 5 5 1 4 1 P
Customers also purchased
Easter Milk Chocolate Coins 100g while stocks last product
Easter Milk Chocolate Coins
100g while stocks last product
$2.00
100g $2.00 per 100G
Unit Price
Add
1
for $2.00

Cadbury Mini Eggs Easter Flip Top 41.5g on special
Cadbury Mini Eggs Easter Flip Top
41.5g on special
buy any 2 for $3.00
Any 2
$ 3
regular price
$2.00 ea
each
41.5g $4.82 per 100G
Unit Price
Any 2 for $3.00 ...

Kinder Chocolate Easter Bunnies 3 Pack 45g on special
Kinder Chocolate Easter Bunnies 3 Pack
45g on special
$2.20
save
$0.50
45g $4.89 per 100G
Unit Price
Add
1
for $2.20

Maltesers Milk Chocolate Easter Bunny 29g while stocks last product
Maltesers Milk Chocolate Easter Bunny
29g while stocks last product
$1.00
save
$0.25
29g $3.45 per 100G
Unit Price
Add
1
for $1.00"	['/wcsstore/Coles-CAS/images/3/6/5/3655141-th.jpg', '/wcsstore/Coles-CAS/images/3/6/5/3655141_L-th.jpg', '/wcsstore/Coles-CAS/images/3/6/5/3655141_R-th.jpg', '/wcsstore/Coles-CAS/images/3/6/5/3655141_B-th.jpg']
Easter	Milk Chocolate Hunt Bag	$ 5 .50	251g	$2.19 per 100G	"Disclaimer:
Product details, including nutritional information and country of origin, may change from time to time and so the product you receive in your order may not reflect the information on this page. Please check the packaging on any product you purchase and if it's not what you expected, feel free to return it for a full refund.
Details
Country of Origin:
Made in Germany
Code: 4514371P
4 5 1 4 3 7 1 P
Customers also purchased
Kit Kat Bunny 29g while stocks last product
Kit Kat Bunny
29g while stocks last product
$1.00
29g $3.45 per 100G
Unit Price
Add
1
for $1.00

Lindt Easter Medley Bag 415g on special
Lindt Easter Medley Bag
415g on special
buy any 2 for $34.00
Any 2
$ 34
regular price
$34.00 ea
each
415g $8.19 per 100G
Unit Price
Any 2 for $34.00 ...

Cadbury Humpty Easter Eggs Carton 150g on special
Cadbury Humpty Easter Eggs Carton
150g on special
buy any 2 for $10.00
Any 2
$ 10
regular price
$7.00 ea
each
150g $4.67 per 100G
Unit Price
Any 2 for $10.00 ...

Cadbury 10-Pack Easter Eggs Crate 170g on special
Cadbury 10-Pack Easter Eggs Crate
170g on special
buy 2 for $12.00
2 for
$ 12
regular price
$8.00 ea
each
170g $4.71 per 100G
Unit Price
Add
2
for $12.00"	['/wcsstore/Coles-CAS/images/4/5/1/4514371-th.jpg', '/wcsstore/Coles-CAS/images/4/5/1/4514371_B-th.jpg']
Chocolatier	Australia Puddles The Platypus	$ 15 .50	190g	$8.16 per 100G	"Nutrition Facts
Serving size: 1 serving = 25g
Qty
Quantity
per serving Qty
Quantity
per 100g / 100ml %
Percentage
daily intake*
Energy 577kJ 2310kJ
Not provided
Protein 2.5g 9.8g
Not provided
Total Fat 8.9g 35.4g
Not provided
Saturated Fat 5.4g 21.6g
Not provided
Carbohydrate 12.2g 48.8g
Not provided
Sugars 11.8g 47.3g
Not provided
Sodium 30mg 118mg
Not provided
*Percentage Daily Intake per serving. Percentage Daily Intakes are based on an average adult diet of 8700 kJ. Your daily intakes may be higher or lower depending on your energy needs.
Disclaimer:
Product details, including nutritional information and country of origin, may change from time to time and so the product you receive in your order may not reflect the information on this page. Please check the packaging on any product you purchase and if it's not what you expected, feel free to return it for a full refund.
Details
Country of Origin:
Made in Australia using local and imported goods
Ingredients:
Cocoa Solids (Cocoa Mass*, Cocoa Butter*), Sugar, Milk Solids, Emulsifier (Soy Lecithin), Flavour, *Rainforest Alliance Certified. Find out more at ra.org, Milk Chocolate (100%) contains 34% Cocoa Solids min. and 30% Milk Solids min.
Allergen:
Contains Soybean, May Contain Hazelnuts, May Contain Peanuts, May Contain Almonds, Contains Milk
Servings Per Pack:
7.5999
Storage Instructions:
Storage cool and dry 14-18c
Suitable for:
General consumption
Dimensions:
185 x 185 x 40mm
Usage Instructions:
Servings per package: 7.6, Serving size: 25g
Size:
190g
Preparation Instructions:
N/A
Code: 3951767P
3 9 5 1 7 6 7 P"	['/wcsstore/Coles-CAS/images/3/9/5/3951767-th.jpg', '/wcsstore/Coles-CAS/images/3/9/5/3951767_R-th.jpg', '/wcsstore/Coles-CAS/images/3/9/5/3951767_B-th.jpg']
Ferrero	Rocher Milk Chocolate And Hazelnut Hollow Squirrel	$ 5 .00	90g	$5.56 per 100G	"Nutrition Facts
Serving size: 1 serving = 20g
Qty
Quantity
per serving Qty
Quantity
per 100g / 100ml %
Percentage
daily intake*
Energy 514kJ 2570kJ
Not provided
Protein 1.5g 7.4g
Not provided
Total Fat 9.3g 46.4g
Not provided
Saturated Fat 4.5g 22.3g
Not provided
Carbohydrate 8.6g 42.8g
Not provided
Sugars 8.4g 41.8g
Not provided
Sodium 10mg 50mg
Not provided
*Percentage Daily Intake per serving. Percentage Daily Intakes are based on an average adult diet of 8700 kJ. Your daily intakes may be higher or lower depending on your energy needs.
Disclaimer:
Product details, including nutritional information and country of origin, may change from time to time and so the product you receive in your order may not reflect the information on this page. Please check the packaging on any product you purchase and if it's not what you expected, feel free to return it for a full refund.
Details
Country of Origin:
Made in Poland
Ingredients:
Milk Chocolate (80%) (Sugar, Cocoa Butter, Cocoa Mass, Skim Milk Powder, Anhydrous Milkfat, Emulsifier: Lecithins (Soy), Flavouring: Vanillin), Hazelnuts (20%). Milk Chocolate contains Cocoa Solids 42% min., Milk Solids 14% min.
Contains:
Milk, Hazelnuts, Soy.
Allergen:
Contains Hazelnuts, Contains Soy, Contains Milk
Storage Instructions:
Store in a cool dry place, away from direct sunlight.
Size:
90g
Code: 3414360P
3 4 1 4 3 6 0 P
Customers also purchased
Lindt Gold Bunny Hazelnut Chocolate 100g on special
Lindt Gold Bunny Hazelnut Chocolate
100g on special
$6.30
save
$1.70
100g $6.30 per 100G
Unit Price
Add
1
for $6.30

Darrell Lea Rocklea Road Bunny 170g on special
Darrell Lea Rocklea Road Bunny
170g on special
$5.00
save
$1.50
170g $2.94 per 100G
Unit Price
Add
1
for $5.00

Cadbury Easter Bunny 150g on special
Cadbury Easter Bunny
150g on special
$5.00
save
$1.70
150g $3.33 per 100G
Unit Price
Add
1
for $5.00

Lindt Gold Bunny Dark 100g on special
Lindt Gold Bunny Dark
100g on special
$6.30
save
$1.70
100g $6.30 per 100G
Unit Price
Add
1
for $6.30"	['/wcsstore/Coles-CAS/images/3/4/1/3414360-th.jpg', '/wcsstore/Coles-CAS/images/3/4/1/3414360_B-th.jpg']
Cadbury	Clinkers Giant Easter Egg Tube	$ 12 .00	341g	$3.52 per 100G	"Nutrition Facts
Serving size: 1 serving = 25g
Qty
Quantity
per serving Qty
Quantity
per 100g / 100ml %
Percentage
daily intake*
Energy 561 KJ 2250 KJ 0
Energy Cal 0 0 0
Protein 1.8 G 7.4 G 0
Total Fat 7.6 G 30.6 G 0
Saturated Fat 4.5 G 18.2 G 0
Trans 0 0 0
Polyunsaturated 0 0 0
Mono Unsaturated 0 0 0
Carbohydrate 14.3 G 57.2 G 0
Sugars 13.9 G 55.6 G 0
Dietary Fibre Total 0 0 0
Sodium 20 MG 81 MG 0
*Percentage Daily Intake per serving. Percentage Daily Intakes are based on an average adult diet of 8700 kJ. Your daily intakes may be higher or lower depending on your energy needs.
Disclaimer:
Product details, including nutritional information and country of origin, may change from time to time and so the product you receive in your order may not reflect the information on this page. Please check the packaging on any product you purchase and if it's not what you expected, feel free to return it for a full refund.
Details
Country of Origin:
made in Australia
Ingredients:
DAIRY MILK MILK CHOCOLATE HOLLOW EGGS INGREDIENTS: FULL CREAM MILK, SUGAR, COCOA BUTTER, COCOA MASS, MILK SOLIDS, EMULSIFIERS (SOY LECITHIN, 476), FLAVOURS. MILK CHOCOLATE CONTAINS COCOA SOLIDS 28%, MILK SOLIDS MINIMUM 24%. CONTAINS MILK, SOY. MAY CONTAIN PEANUTS, TREE NUTS. CLINKERS BUNNIES PRODUCT CONTAINS MILK CHOCOLATE (95%), CLINKERS CANDY PIECES (5%). INGREDIENTS: FULL CREAM MILK, SUGAR, COCOA BUTTER, COCOA MASS, MILK SOLIDS, CLINKERS CANDY PIECES (SUGAR, GLUCOSE SYRUP, GELATINE, STARCH (FROM WHEAT, MAIZE, TAPIOCA), SPIRULINA, FLAVOUR, COLOURS (100, 120)), EMULSIFIERS (SOY LECITHIN, 476), FLAVOURS. MILK CHOCOLATE CONTAINS COCOA SOLIDS 27%, MILK SOLIDS MINIMUM 24%. CONTAINS MILK, WHEAT, GLUTEN, SOY. MAY CONTAIN PEANUTS, TREE NUTS.
Contains:
Dairy Milk Milk Chocolate with Clinker Pieces Bunnies: Milk and Soy. Milk Chocolate contains Cocoa Solids 28%, Milk Solids Minimum 24%. Clinker Bunnies: Milk Chocolate (95%), Clinkers Candy Pieces (5%). Milk Chocolate contains Cocoa Solids 27%, Milk Solids Minimum 24%. Milk, Wheat and Soy.
Allergen:
May Be Present Tree Nuts, May Be Present Peanuts, Contains Gluten, Contains Soy, Contains Wheat, Contains Milk
Servings Per Pack:
13.64
Storage Instructions:
PLEASE STORE IN COOL, DRY CONDITIONS.
Size:
341g
Code: 4724104P
4 7 2 4 1 0 4 P
Customers also purchased
Lindt Gourmet Egg Bag 106g on special
Lindt Gourmet Egg Bag
106g on special
$6.50
save
$2.00
106g $6.13 per 100G
Unit Price
Add
1
for $6.50

Cadbury 15-Pack Happy Easter Eggs Carton 250g
Cadbury 15-Pack Happy Easter Eggs Carton
250g
$10.00
250g $4.00 per 100G
Unit Price
Add
1
for $10.00

Nestle Milkybar Easter Egg Hunt 120g on special
Nestle Milkybar Easter Egg Hunt
120g on special
$5.50
save
$2.00
120g $4.58 per 100G
Unit Price
Add
1
for $5.50"	['/wcsstore/Coles-CAS/images/4/7/2/4724104-th.jpg', '/wcsstore/Coles-CAS/images/4/7/2/4724104_L-th.jpg', '/wcsstore/Coles-CAS/images/4/7/2/4724104_R-th.jpg', '/wcsstore/Coles-CAS/images/4/7/2/4724104_B-th.jpg']
Easter	Mini Milk Bunnies Or Chicks	$ 4 .00	100g	$4.00 per 100G	"Disclaimer:
Product details, including nutritional information and country of origin, may change from time to time and so the product you receive in your order may not reflect the information on this page. Please check the packaging on any product you purchase and if it's not what you expected, feel free to return it for a full refund.
Details
Country of Origin:
Made in Germany
Code: 4514382P
4 5 1 4 3 8 2 P
Customers also purchased
Easter Belgian Bunny Hollows 50g while stocks last product
Easter Belgian Bunny Hollows
50g while stocks last product
$2.80
50g $5.60 per 100G
Unit Price
Add
1
for $2.80

Cadbury Dairy Milk Easter Bunny 80g
Cadbury Dairy Milk Easter Bunny
80g
$5.00
80g $6.25 per 100G
Unit Price
Add
1
for $5.00

Cadbury Easter Bunny 150g on special
Cadbury Easter Bunny
150g on special
$5.00
save
$1.70
150g $3.33 per 100G
Unit Price
Add
1
for $5.00

Kit Kat Bunny 85g new product
Kit Kat Bunny
85g new product
$4.50
85g $5.29 per 100G
Unit Price
Add
1
for $4.50"	['/wcsstore/Coles-CAS/images/4/5/1/4514382-th.jpg', '/wcsstore/Coles-CAS/images/4/5/1/4514382_L-th.jpg', '/wcsstore/Coles-CAS/images/4/5/1/4514382_R-th.jpg', '/wcsstore/Coles-CAS/images/4/5/1/4514382_B-th.jpg']
Kinder	Surprise Chocolate Gift Pack Maxi Blue	$ 19 .00	150g	$12.67 per 100G	"Disclaimer:
Product details, including nutritional information and country of origin, may change from time to time and so the product you receive in your order may not reflect the information on this page. Please check the packaging on any product you purchase and if it's not what you expected, feel free to return it for a full refund.
Details
Country of Origin:
Made in Argentina
Code: 9241050P
9 2 4 1 0 5 0 P"	[]
Lindt	Bugs & Bees Pouch Bag	$ 6 .50	98g	$6.63 per 100G	"Nutrition Facts
Serving size: 1 serving = 20g
Qty
Quantity
per serving Qty
Quantity
per 100g / 100ml %
Percentage
daily intake*
Energy 460kJ 2300kJ
Not provided
Protein 1.4g 7.2g
Not provided
Total Fat 6.4g 32.0g
Not provided
Saturated Fat 3.2g 16.0g
Not provided
Carbohydrate 11.4g 57.0g
Not provided
Sugars 10.6g 53.0g
Not provided
Sodium 11mg 56mg
Not provided
*Percentage Daily Intake per serving. Percentage Daily Intakes are based on an average adult diet of 8700 kJ. Your daily intakes may be higher or lower depending on your energy needs.
Disclaimer:
Product details, including nutritional information and country of origin, may change from time to time and so the product you receive in your order may not reflect the information on this page. Please check the packaging on any product you purchase and if it's not what you expected, feel free to return it for a full refund.
Details
Country of Origin:
Bugs & bees manufactured in Germany Imported and packed in Australia
Ingredients:
Sugar, cocoa butter, hazelnuts (12%), whole milk powder, cocoa mass, lactose, skim milk powder, rice crisps (1%), milk fat, wheat germ, wheat starch, emulsifier (soy lecithin), barley malt extract, salt, flavouring.
Contains:
Milk Chocolate contains: cocoa solids 30% min., milk solids 18% min.
Allergen:
May Be Present Tree Nuts, May Be Present Peanuts
Servings Per Pack:
4.9
Storage Instructions:
Store in a cool and dry place.
Size:
98g
Warning:
Quality Guarantee The incomparable taste of this Lindt chocolate product is due to our using the highest quality ingredients and our traditional Swiss manufacturing know-how. This product left our factory in impeccable condition. Were it damaged on its way to you, please return it to us and we will replace it. Chocoladefabriken Lindt & Sprungli AG Kilchberg / Switzerland.
Code: 1635471P
1 6 3 5 4 7 1 P
Customers also purchased
Lindt Lindor Mini Eggs Bag Assorted 90g on special
Lindt Lindor Mini Eggs Bag Assorted
90g on special
$3.50
save
$2.00
90g $3.89 per 100G
Unit Price
Add
1
for $3.50

Lindt Lindor Mini Eggs Bag Solid Milk 90g on special
Lindt Lindor Mini Eggs Bag Solid Milk
90g on special
$3.50
save
$2.00
90g $3.89 per 100G
Unit Price
Add
1
for $3.50

Lindt Mini Gold Bunny Pouch 90g on special
Lindt Mini Gold Bunny Pouch
90g on special
$6.50
save
$2.00
90g $7.22 per 100G
Unit Price
Add
1
for $6.50

Lindt Milk Mini Eggs 390g on special
Lindt Milk Mini Eggs
390g on special
buy any 2 for $24.00
Any 2
$ 24
regular price
$24.00 ea
each
390g $6.15 per 100G
Unit Price
Any 2 for $24.00 ..."	['/wcsstore/Coles-CAS/images/1/6/3/1635471-th.jpg', '/wcsstore/Coles-CAS/images/1/6/3/1635471_B-th.jpg']
Cadbury	Easter Hunt Assortment Pack	$ 15 .00	500g	$3.00 per 100G	"Nutrition Facts
Serving size: 1 serving = 25g
Qty
Quantity
per serving Qty
Quantity
per 100g / 100ml %
Percentage
daily intake*
Energy 523 KJ 2090 KJ 0
Energy Cal 0 0 0
Protein 1.5 G 6 G 0
Total Fat 6.4 G 25.4 G 0
Saturated Fat 3.8 G 15.2 G 0
Trans 0 0 0
Polyunsaturated 0 0 0
Mono Unsaturated 0 0 0
Carbohydrate 15.2 G 61 G 0
Sugars 14.1 G 56.4 G 0
Dietary Fibre Total 0 0 0
Sodium 18 MG 74 MG 0
*Percentage Daily Intake per serving. Percentage Daily Intakes are based on an average adult diet of 8700 kJ. Your daily intakes may be higher or lower depending on your energy needs.
Disclaimer:
Product details, including nutritional information and country of origin, may change from time to time and so the product you receive in your order may not reflect the information on this page. Please check the packaging on any product you purchase and if it's not what you expected, feel free to return it for a full refund.
Details
Country of Origin:
Made in Australia
Ingredients:
DAIRY MILK MILK CHOCOLATE SOLID EGGS INGREDIENTS: FULL CREAM MILK, SUGAR, COCOA BUTTER, COCOA MASS, MILK SOLIDS, EMULSIFIERS (SOY LECITHIN, 476), FLAVOURS. MILK CHOCOLATE CONTAINS COCOA SOLIDS 28%, MILK SOLIDS MINIMUM 24%. CONTAINS MILK, SOY. MAY CONTAIN PEANUTS, TREE NUTS. CARAMILK EGGS INGREDIENTS: FULL CREAM MILK, SUGAR, COCOA BUTTER, MILK SOLIDS, EMULSIFIERS (SOY LECITHIN, 476), FLAVOUR. WHITE CHOCOLATE CONTAINS COCOA SOLIDS 23%, MILK SOLIDS 29%. CONTAINS MILK, SOY. MAY CONTAIN PEANUTS, TREE NUTS. CREME EGG MINI EGGS PRODUCT CONTAINS MILK CHOCOLATE (70%), FONDANT CENTRE (30%). INGREDIENTS: SUGAR, MILK SOLIDS, COCOA BUTTER, COCOA MASS, INVERT SUGAR, GLUCOSE SYRUP, EMULSIFIERS (SOY LECITHIN, 476), HUMECTANT (422), PRESERVATIVE (202), FOOD ACID (260), FLAVOURS, COLOUR (100). MILK CHOCOLATE CONTAINS COCOA SOLIDS 26%, MILK SOLIDS 23%. CONTAINS MILK, SOY. MAY CONTAIN PEANUTS, TREE NUTS. CARAMELLO EGGS PRODUCT CONTAINS MILK CHOCOLATE (70%), CARAMEL (30%). INGREDIENTS: FULL CREAM MILK, SUGAR, GLUCOSE SYRUP, COCOA BUTTER, COCOA MASS, MILK SOLIDS, SWEETENED CONDENSED MILK (MILK, SUGAR), VEGETABLE FAT, INVERT SUGAR, EMULSIFIERS (SOY LECITHIN, 476, 471), ACIDITY REGULATOR (331), FLAVOURS, SALT. MILK CHOCOLATE CONTAINS COCOA SOLIDS 28%, MILK SOLIDS MINIMUM 24%. CONTAINS MILK, SOY. MAY CONTAIN PEANUTS, TREE NUTS. DAIRY MILK MILK CHOCOLATE HOLLOW EGGS INGREDIENTS: FULL CREAM MILK, SUGAR, COCOA BUTTER, COCOA MASS, MILK SOLIDS, EMULSIFIERS (SOY LECITHIN, 476), FLAVOURS. MILK CHOCOLATE CONTAINS COCOA SOLIDS 28%, MILK SOLIDS MINIMUM 24%. CONTAINS MILK, SOY. MAY CONTAIN PEANUTS, TREE NUTS. DAIRY MILK MILK CHOCOLATE BUNNY INGREDIENTS: FULL CREAM MILK, SUGAR, COCOA BUTTER, COCOA MASS, MILK SOLIDS, EMULSIFIERS (SOY LECITHIN, 476), FLAVOURS. MILK CHOCOLATE CONTAINS COCOA SOLIDS 27%, MILK SOLIDS MINIMUM 24%. CONTAINS MILK, SOY. MAY CONTAIN WHEAT, GLUTEN, PEANUTS, TREE NUTS. MARSHMALLOW EGG PRODUCT CONTAINS MARSHMALLOW (65%), MILK CHOCOLATE (35%). INGREDIENTS: SUGAR, GLUCOSE SYRUP, INVER
Allergen:
May Be Present Tree Nuts, May Be Present Peanuts, May Be Present Wheat, May Be Present Gluten, Contains Soy, Contains Milk
Servings Per Pack:
20.0
Storage Instructions:
PLEASE STORE IN COOL, DRY CONDITIONS.
Size:
500g
Warning:
NOT ALL VARIETIES OF CADBURY CREME EGG HAVE THE SAME ALLERGENS
Code: 5766234P
5 7 6 6 2 3 4 P
Customers also purchased
Kinder Figure Easter 6 Pack 90g on special twenty percent off
Kinder Figure Easter 6 Pack
90g on special twenty percent off
$4.00
save
$1.00
90g $4.44 per 100G
Unit Price
Add
1
for $4.00

Cadbury Humpty Easter Eggs Carton 150g on special
Cadbury Humpty Easter Eggs Carton
150g on special
buy any 2 for $10.00
Any 2
$ 10
regular price
$7.00 ea
each
150g $4.67 per 100G
Unit Price
Any 2 for $10.00 ...

Nestle Milkybar Easter Egg Hunt 120g on special
Nestle Milkybar Easter Egg Hunt
120g on special
$5.50
save
$2.00
120g $4.58 per 100G
Unit Price
Add
1
for $5.50

Lifesavers Fruit Tingle Hunting Eggs 210g on special half price
Lifesavers Fruit Tingle Hunting Eggs
210g on special half price
regular price
$7.00 ea
each
save
$7.00
210g $3.33 per 100G
Unit Price
Add
1
for $7.00"	['/wcsstore/Coles-CAS/images/5/7/6/5766234-th.jpg', '/wcsstore/Coles-CAS/images/5/7/6/5766234_L-th.jpg', '/wcsstore/Coles-CAS/images/5/7/6/5766234_R-th.jpg', '/wcsstore/Coles-CAS/images/5/7/6/5766234_B-th.jpg']
Kinder	Figure Easter 6 Pack	$ 4 .00	90g	$4.44 per 100G	"Disclaimer:
Product details, including nutritional information and country of origin, may change from time to time and so the product you receive in your order may not reflect the information on this page. Please check the packaging on any product you purchase and if it's not what you expected, feel free to return it for a full refund.
Details
Country of Origin:
Made in Poland
Code: 3956283P
3 9 5 6 2 8 3 P
Customers also purchased
Lindt Gourmet Egg Bag 106g on special
Lindt Gourmet Egg Bag
106g on special
$6.50
save
$2.00
106g $6.13 per 100G
Unit Price
Add
1
for $6.50

Cadbury Humpty Easter Eggs Carton 150g on special
Cadbury Humpty Easter Eggs Carton
150g on special
buy any 2 for $10.00
Any 2
$ 10
regular price
$7.00 ea
each
150g $4.67 per 100G
Unit Price
Any 2 for $10.00 ...

Nestle Milkybar Easter Egg Hunt 120g on special
Nestle Milkybar Easter Egg Hunt
120g on special
$5.50
save
$2.00
120g $4.58 per 100G
Unit Price
Add
1
for $5.50"	[]
Lindt	Blossom Assorted	$ 17 .00	150g	$11.33 per 100G	"Nutrition Facts
Serving size: 1 serving = 22g
Qty
Quantity
per serving Qty
Quantity
per 100g / 100ml %
Percentage
daily intake*
Energy 574kJ 2610kJ
Not provided
Protein 1.1g 4.9g
Not provided
Total Fat 10.6g 48.0g
Not provided
Saturated Fat 7.9g 36.0g
Not provided
Carbohydrate 9.5g 43.0g
Not provided
Sugars 8.8g 40.0g
Not provided
Sodium 12mg 56mg
Not provided
*Percentage Daily Intake per serving. Percentage Daily Intakes are based on an average adult diet of 8700 kJ. Your daily intakes may be higher or lower depending on your energy needs.
Disclaimer:
Product details, including nutritional information and country of origin, may change from time to time and so the product you receive in your order may not reflect the information on this page. Please check the packaging on any product you purchase and if it's not what you expected, feel free to return it for a full refund.
Details
Country of Origin:
Manufactured in Germany
Ingredients:
Sugar, vegetable fats, cocoa butter, cocoa mass, whole milk powder, lactose, skim milk powder, milk fat, emulsifier (soy lecithin), barley malt extract, flavourings.
Contains:
Milk Chocolate contains: cocoa solids 30% min., milk solids 18% min. Dark Chocolate contains: cocoa solids 41% min. White Chocolate contains: cocoa solids 20% min.
Allergen:
May Be Present Tree Nuts
Servings Per Pack:
6.8
Storage Instructions:
Store in a cool dry place
Size:
150g
Code: 3946133P
3 9 4 6 1 3 3 P
Customers also purchased
Cadbury Dairy Milk Hollow Easter Egg 100g on special
Cadbury Dairy Milk Hollow Easter Egg
100g on special
buy any 2 for $6.00
Any 2
$ 6
regular price
$4.00 ea
each
100g $4.00 per 100G
Unit Price
Any 2 for $6.00 ...

Cadbury Dairy Milk Hollow Easter Egg 50g
Cadbury Dairy Milk Hollow Easter Egg
50g
$2.50
50g $5.00 per 100G
Unit Price
Add
1
for $2.50"	['/wcsstore/Coles-CAS/images/3/9/4/3946133-th.jpg', '/wcsstore/Coles-CAS/images/3/9/4/3946133_B-th.jpg']
Lindt	Carrot Pouch Bag	$ 11 .50	120g	$9.58 per 100G	"Disclaimer:
Product details, including nutritional information and country of origin, may change from time to time and so the product you receive in your order may not reflect the information on this page. Please check the packaging on any product you purchase and if it's not what you expected, feel free to return it for a full refund.
Details
Country of Origin:
carrots manufactured in Austria, packed in Australia
Code: 5750562P
5 7 5 0 5 6 2 P"	[]
Yoplait	Petit Miam Squeezie Strawberry Yoghurt Pouch	$ 1 .00	70g	$1.43 per 100G	"Nutrition Facts
Serving size: 1 serving = 70g
Qty
Quantity
per serving Qty
Quantity
per 100g / 100ml %
Percentage
daily intake*
Energy 212kJ 303kJ
Not provided
Energy Cal 50Cal 72Cal
Not provided
Protein 2.5g 3.5g
Not provided
Total Fat 1.6g 2.3g
Not provided
Saturated Fat 1.0g 1.4g
Not provided
Carbohydrate 6.5g 9.3g
Not provided
Sugars 5.3g 7.6g
Not provided
Sodium 32mg 46mg
Not provided
Calcium 145mg 207mg
Not provided
*Percentage Daily Intake per serving. Percentage Daily Intakes are based on an average adult diet of 8700 kJ. Your daily intakes may be higher or lower depending on your energy needs.
Disclaimer:
Product details, including nutritional information and country of origin, may change from time to time and so the product you receive in your order may not reflect the information on this page. Please check the packaging on any product you purchase and if it's not what you expected, feel free to return it for a full refund.
Details
Ingredients:
Milk (min. 70%) [Milk, Skim Milk], Milk Solids, Water, Strawberry (4%), Sugar, Thickener (1442), Apple Juice Concentrate, Mineral Calcium (341), Natural Flavours, Black Carrot & Blackcurrant Concentrate, Acidity Regulators (331, 296), Vitamin D, Yoghurt Cultures: S. Thermophilus, L. Bulgaricus & B. Lactis.
Contains:
Milk.
Allergen:
Contains Milk
Dietary:
Source of Calcium, No Preservatives
Servings Per Pack:
1.0
Storage Instructions:
Refrigerate below 4C.
Usage Instructions:
Single serve, consume once opened. Serve chilled.
Size:
70g
Warning:
Packaging contains small parts. Cap not suitable for children under the age of 3.
Code: 6569239P
6 5 6 9 2 3 9 P
Customers also purchased
Yoplait Petit Miam Blueberry Yoghurt Squeezie Pouch 70g
Yoplait Petit Miam Blueberry Yoghurt Squeezie Pouch
70g
$1.00
70g $1.43 per 100G
Unit Price
Add
1
for $1.00

Yoplait Petit Miam Squeezie Fruit Salad Yoghurt Pouch 70g
Yoplait Petit Miam Squeezie Fruit Salad Yoghurt Pouch
70g
$1.00
70g $1.43 per 100G
Unit Price
Add
1
for $1.00

Yoplait Petit Miam Squeezie Banana Yoghurt Pouch 70g
Yoplait Petit Miam Squeezie Banana Yoghurt Pouch
70g
$1.00
70g $1.43 per 100G
Unit Price
Add
1
for $1.00

Yoplait Petit Miam Mango Yoghurt Pouch 70g
Yoplait Petit Miam Mango Yoghurt Pouch
70g
$1.00
70g $1.43 per 100G
Unit Price
Add
1
for $1.00"	['/wcsstore/Coles-CAS/images/6/5/6/6569239-th.jpg', '/wcsstore/Coles-CAS/images/6/5/6/6569239_L-th.jpg', '/wcsstore/Coles-CAS/images/6/5/6/6569239_B-th.jpg']
Coles	Squeezie Strawberry Yoghurt Pouch	$ 0 .75	70g	$1.07 per 100G	"Nutrition Facts
Serving size: 1 serving = 70g
Qty
Quantity
per serving Qty
Quantity
per 100g / 100ml %
Percentage
daily intake*
Energy 246.68 352.40
Not provided
Energy Cal 59.01 84.31
Not provided
Protein 2.66 3.80
Not provided
Saturated Fat LESS THAN 1g 1.1 3
Carbohydrate 9.03 12.90
Not provided
Sugars 5.95 8.50
Not provided
Dietary Fibre Total 0.49 0.70
Not provided
Sodium 28.70 41.00
Not provided
Calcium 182.00 260.00
Not provided
*Percentage Daily Intake per serving. Percentage Daily Intakes are based on an average adult diet of 8700 kJ. Your daily intakes may be higher or lower depending on your energy needs.
Disclaimer:
Product details, including nutritional information and country of origin, may change from time to time and so the product you receive in your order may not reflect the information on this page. Please check the packaging on any product you purchase and if it's not what you expected, feel free to return it for a full refund.
Details
Ingredients:
INGREDIENTS: ;Reconstituted Skim ;Milk, Fruit Puree Blend (11%) [Seedless Strawberry Pulp ;(49%), Reconstituted Apple Juice, Sugar, Thickener (1442 from Tapioca), Natural Flavouring, Acidity Regulators (296, 331), Fruit and Vegetable Concentrate ;(Black Carrot, Blackcurrant)], Cream, Sugar, Milk Solids, Thickeners (1442, 1401), Mineral Salt (341), Stabilisers (406, 440), Live Cultures.
Allergen:
Contains MILK
Servings Per Pack:
1.0
Storage Instructions:
Keep refrigerated. Store at or below 5C
Code: 1013471P
1 0 1 3 4 7 1 P
Customers also purchased
Coles Chocolate Dairy Dessert 12 Pack 100g
Coles Chocolate Dairy Dessert 12 Pack
100g
$5.40
100g $5.40 per 100G
Unit Price
Add
1
for $5.40

Coles Squeezie Banana Yoghurt Pouch 70g
Coles Squeezie Banana Yoghurt Pouch
70g
$0.75
Until 11 Apr 2023
Was $0.85 Jan 2023
70g $1.07 per 100G
Unit Price
Add
1
for $0.75

Coles Squeezie Vanilla Yoghurt Pouch 70g
Coles Squeezie Vanilla Yoghurt Pouch
70g
$0.75
Until 11 Apr 2023
Was $0.85 Jan 2023
70g $1.07 per 100G
Unit Price
Add
1
for $0.75

Coles Squeezie Blueberry Yoghurt Pouch 70g
Coles Squeezie Blueberry Yoghurt Pouch
70g
$0.75
Until 11 Apr 2023
Was $0.85 Jan 2023
70g $1.07 per 100G
Unit Price
Add
1
for $0.75"	['/wcsstore/Coles-CAS/images/1/0/1/1013471-th.jpg', '/wcsstore/Coles-CAS/images/1/0/1/1013471_L-th.jpg', '/wcsstore/Coles-CAS/images/1/0/1/1013471_B-th.jpg']
Coles	Squeezie Vanilla Yoghurt Pouch	$ 0 .75	70g	$1.07 per 100G	"Nutrition Facts
Serving size: 1 serving = 70g
Qty
Quantity
per serving Qty
Quantity
per 100g / 100ml %
Percentage
daily intake*
Energy 225.54 322.20
Not provided
Energy Cal 53.96 77.08
Not provided
Protein 2.87 4.10
Not provided
Saturated Fat LESS THAN 1g 1.1 3
Carbohydrate 7.98 11.40
Not provided
Sugars 5.32 7.60
Not provided
Dietary Fibre Total 0.28 0.40
Not provided
Sodium 20.30 29.00
Not provided
Calcium 187.60 268.00
Not provided
*Percentage Daily Intake per serving. Percentage Daily Intakes are based on an average adult diet of 8700 kJ. Your daily intakes may be higher or lower depending on your energy needs.
Disclaimer:
Product details, including nutritional information and country of origin, may change from time to time and so the product you receive in your order may not reflect the information on this page. Please check the packaging on any product you purchase and if it's not what you expected, feel free to return it for a full refund.
Details
Ingredients:
INGREDIENTS: ;Reconstituted Skim ;Milk, Natural Vanilla Flavouring (7%) [Water, Sugar, Rice Starch, Natural Flavouring, Lemon Juice Concentrate, Milk Minerals)], Cream, Sugar, Milk Solids, Thickeners (1442, 1401), Mineral Salt (341), Stabilisers (406, 440), Live Cultures.
Allergen:
Contains MILK
Servings Per Pack:
1.0
Storage Instructions:
Keep refrigerated. Store at or below 5C
Code: 1013675P
1 0 1 3 6 7 5 P
Customers also purchased
Coles Chocolate Dairy Dessert 12 Pack 100g
Coles Chocolate Dairy Dessert 12 Pack
100g
$5.40
100g $5.40 per 100G
Unit Price
Add
1
for $5.40

Coles Squeezie Banana Yoghurt Pouch 70g
Coles Squeezie Banana Yoghurt Pouch
70g
$0.75
Until 11 Apr 2023
Was $0.85 Jan 2023
70g $1.07 per 100G
Unit Price
Add
1
for $0.75

Coles Squeezie Strawberry Yoghurt Pouch 70g
Coles Squeezie Strawberry Yoghurt Pouch
70g
$0.75
Until 11 Apr 2023
Was $0.85 Jan 2023
70g $1.07 per 100G
Unit Price
Add
1
for $0.75

Coles Squeezie Blueberry Yoghurt Pouch 70g
Coles Squeezie Blueberry Yoghurt Pouch
70g
$0.75
Until 11 Apr 2023
Was $0.85 Jan 2023
70g $1.07 per 100G
Unit Price
Add
1
for $0.75"	['/wcsstore/Coles-CAS/images/1/0/1/1013675-th.jpg', '/wcsstore/Coles-CAS/images/1/0/1/1013675_B-th.jpg']
Tamar Valley	Kids Greek Strawberry Yoghurt Pouch	$ 1 .70	110g	$1.55 per 100G	"Nutrition Facts
Serving size: 1 serving = 110g
Qty
Quantity
per serving Qty
Quantity
per 100g / 100ml %
Percentage
daily intake*
Energy 428kJ 389kJ
Not provided
Energy Cal 102Cal 93Cal
Not provided
Protein 4.0g 3.6g
Not provided
Total Fat 7.6g 6.9g
Not provided
Saturated Fat 5.1g 4.6g
Not provided
Carbohydrate 4.5g 4.1g
Not provided
Sugars 3.5g 3.2g
Not provided
Sodium 35mg 32mg
Not provided
Gluten Nil Nil
Not provided
Calcium
Not provided
143mg
Not provided
*Percentage Daily Intake per serving. Percentage Daily Intakes are based on an average adult diet of 8700 kJ. Your daily intakes may be higher or lower depending on your energy needs.
Disclaimer:
Product details, including nutritional information and country of origin, may change from time to time and so the product you receive in your order may not reflect the information on this page. Please check the packaging on any product you purchase and if it's not what you expected, feel free to return it for a full refund.
Details
Ingredients:
Whole Milk, Cream, Milk Solids, Water, Strawberry Pulp (4.2%), Rice Starch, Natural Flavours, Lemon Pulp, Live Yoghurt Culture.
Contains:
Yoghurt cultures, Cream, Milk, 88% Dairy.
Allergen:
Contains Cream, Contains Milk
Dietary:
Source of Calcium, No Added Sugars
Servings Per Pack:
1.0
Storage Instructions:
Keep refrigerated between 1C and 4C.
Suitable for:
Children 6 months & older (Contains 28% Calcium RDI per serve for infants 6-12 months)
Usage Instructions:
Shake before opening. Ready to consume.
Size:
110g
Warning:
Cap is not a toy and may present a choking hazard. Always supervise your child while eating. Discard uneaten portion once opened.
Code: 2744359P
2 7 4 4 3 5 9 P
Customers also purchased
Tamar Valley Kids Natural Greek Tropical Yoghurt Pouch 110g
Tamar Valley Kids Natural Greek Tropical Yoghurt Pouch
110g
$1.70
Was $2.20 Jan 2023
110g $1.55 per 100G
Unit Price
Add
1
for $1.70

Tamar Valley Kids Greek Vanilla Yoghurt Pouch 110g
Tamar Valley Kids Greek Vanilla Yoghurt Pouch
110g
$1.70
Was $2.20 Jan 2023
110g $1.55 per 100G
Unit Price
Add
1
for $1.70

Tamar Valley Kids Greek Natural Raspberry Yoghurt Pouch 110g
Tamar Valley Kids Greek Natural Raspberry Yoghurt Pouch
110g
$1.70
Was $2.20 Jan 2023
110g $1.55 per 100G
Unit Price
Add
1
for $1.70

Tamar Valley Kids Greek Pouch Yoghurt 110g
Tamar Valley Kids Greek Pouch Yoghurt
110g
$1.70
Was $2.20 Jan 2023
110g $1.55 per 100G
Unit Price
Add
1
for $1.70"	['/wcsstore/Coles-CAS/images/2/7/4/2744359-th.jpg', '/wcsstore/Coles-CAS/images/2/7/4/2744359_B-th.jpg']
Yoplait	Petit Miam Blueberry Yoghurt Squeezie Pouch	$ 1 .00	70g	$1.43 per 100G	"Nutrition Facts
Serving size: 1 serving = 70g
Qty
Quantity
per serving Qty
Quantity
per 100g / 100ml %
Percentage
daily intake*
Energy 215kJ 307kJ
Not provided
Energy Cal 51Cal 73Cal
Not provided
Protein 2.4g 3.4g
Not provided
Total Fat 1.6g 2.3g
Not provided
Saturated Fat 1.1g 1.5g
Not provided
Carbohydrate 6.7g 9.6g
Not provided
Sugars 5.4g 7.7g
Not provided
Sodium 34mg 48mg
Not provided
Calcium 145mg 207mg
Not provided
*Percentage Daily Intake per serving. Percentage Daily Intakes are based on an average adult diet of 8700 kJ. Your daily intakes may be higher or lower depending on your energy needs.
Disclaimer:
Product details, including nutritional information and country of origin, may change from time to time and so the product you receive in your order may not reflect the information on this page. Please check the packaging on any product you purchase and if it's not what you expected, feel free to return it for a full refund.
Details
Ingredients:
Milk (min. 70%) [Milk, Skim Milk], Milk Solids, Water, Sugar, Blueberry (3%), Apple Juice Concentrate, Thickener (1442), Mineral Calcium (341), Natural Flavours, Acidity Regulators (331, 296), Vitamin D, Yoghurt Cultures: S. Thermophilus, L. Bulgaricus & B. Lactis.
Contains:
Milk.
Allergen:
Contains Milk
Dietary:
Source of Calcium, No Preservatives
Servings Per Pack:
1.0
Storage Instructions:
Refrigerate below 4C.
Usage Instructions:
Single serve, consume once opened. Serve chilled.
Size:
70g
Warning:
Packaging contains small parts. Cap not suitable for children under the age of 3.
Code: 8126057P
8 1 2 6 0 5 7 P
Customers also purchased
Yoplait Petit Miam Squeezie Fruit Salad Yoghurt Pouch 70g
Yoplait Petit Miam Squeezie Fruit Salad Yoghurt Pouch
70g
$1.00
70g $1.43 per 100G
Unit Price
Add
1
for $1.00

Yoplait Petit Miam Squeezie Strawberry Yoghurt Pouch 70g
Yoplait Petit Miam Squeezie Strawberry Yoghurt Pouch
70g
$1.00
70g $1.43 per 100G
Unit Price
Add
1
for $1.00

Yoplait Petit Miam Squeezie Banana Yoghurt Pouch 70g
Yoplait Petit Miam Squeezie Banana Yoghurt Pouch
70g
$1.00
70g $1.43 per 100G
Unit Price
Add
1
for $1.00

Yoplait Petit Miam Vanilla Yoghurt Pouch 70g
Yoplait Petit Miam Vanilla Yoghurt Pouch
70g
$1.00
70g $1.43 per 100G
Unit Price
Add
1
for $1.00"	['/wcsstore/Coles-CAS/images/8/1/2/8126057-th.jpg', '/wcsstore/Coles-CAS/images/8/1/2/8126057_B-th.jpg']
Tamar Valley	Kids Greek Blueberry Yoghurt Pouch	$ 1 .70	110g	$1.55 per 100G	"Nutrition Facts
Qty
Quantity
per serving Qty
Quantity
per 100g / 100ml %
Percentage
daily intake*
Energy 429kJ
Not provided
Not provided
Energy Cal 103cal 93Cal
Not provided
Protein 3.9g 3.5g
Not provided
Total Fat 7.5g 6.8g
Not provided
Saturated Fat 5.0g 4.5g
Not provided
Carbohydrate 5.1g 4.6g
Not provided
Sugars 3.6g 3.3g
Not provided
Sodium 35mg 32mg
Not provided
Gluten
Not provided
Nil
Not provided
Calcium
Not provided
143mg
Not provided
*Percentage Daily Intake per serving. Percentage Daily Intakes are based on an average adult diet of 8700 kJ. Your daily intakes may be higher or lower depending on your energy needs.
Disclaimer:
Product details, including nutritional information and country of origin, may change from time to time and so the product you receive in your order may not reflect the information on this page. Please check the packaging on any product you purchase and if it's not what you expected, feel free to return it for a full refund.
Details
Allergen:
Contains Cream, Contains Milk
Dietary:
Source of Calcium, No Added Sugars
Servings Per Pack:
1.0
Storage Instructions:
Keep refrigerated between 1C and 4C.
Suitable for:
Children 6 months & older. (Contains 26% Calcium RDI per serve for infants 6-12 months.)
Usage Instructions:
Shake before opening. Ready to consume.
Size:
110g
Code: 3089157P
3 0 8 9 1 5 7 P
Customers also purchased
Tamar Valley Kids Natural Greek Tropical Yoghurt Pouch 110g
Tamar Valley Kids Natural Greek Tropical Yoghurt Pouch
110g
$1.70
Was $2.20 Jan 2023
110g $1.55 per 100G
Unit Price
Add
1
for $1.70

Tamar Valley Kids Greek Vanilla Yoghurt Pouch 110g
Tamar Valley Kids Greek Vanilla Yoghurt Pouch
110g
$1.70
Was $2.20 Jan 2023
110g $1.55 per 100G
Unit Price
Add
1
for $1.70

Tamar Valley Kids Greek Natural Raspberry Yoghurt Pouch 110g
Tamar Valley Kids Greek Natural Raspberry Yoghurt Pouch
110g
$1.70
Was $2.20 Jan 2023
110g $1.55 per 100G
Unit Price
Add
1
for $1.70

Tamar Valley Kids Greek Pouch Yoghurt 110g
Tamar Valley Kids Greek Pouch Yoghurt
110g
$1.70
Was $2.20 Jan 2023
110g $1.55 per 100G
Unit Price
Add
1
for $1.70"	['/wcsstore/Coles-CAS/images/3/0/8/3089157-th.jpg', '/wcsstore/Coles-CAS/images/3/0/8/3089157_B-th.jpg']
Yoplait	Petit Miam Vanilla Yoghurt Pouch	$ 1 .00	70g	$1.43 per 100G	"Nutrition Facts
Serving size: 1 serving = 70g
Qty
Quantity
per serving Qty
Quantity
per 100g / 100ml %
Percentage
daily intake*
Energy 214kJ 305kJ
Not provided
Energy Cal 51Cal 73Cal
Not provided
Protein 2.4g 3.4g
Not provided
Total Fat 1.6g 2.3g
Not provided
Saturated Fat 1.1g 1.5g
Not provided
Carbohydrate 6.7g 9.5g
Not provided
Sugars 5.3g 7.6g
Not provided
Sodium 31mg 44mg
Not provided
Calcium 145mg 207mg
Not provided
*Percentage Daily Intake per serving. Percentage Daily Intakes are based on an average adult diet of 8700 kJ. Your daily intakes may be higher or lower depending on your energy needs.
Disclaimer:
Product details, including nutritional information and country of origin, may change from time to time and so the product you receive in your order may not reflect the information on this page. Please check the packaging on any product you purchase and if it's not what you expected, feel free to return it for a full refund.
Details
Ingredients:
Milk (min. 70%) [Milk, Skim Milk], Water, Milk Solids, Sugar, Thickener (1442), Mineral Calcium (341), Natural Flavours, Acidity Regulators (330, 331), Vitamin D, Yoghurt Cultures: S. Thermophilus, L. Bulgaricus & B. Lactis.
Contains:
Milk.
Allergen:
Contains Milk
Dietary:
Source of Calcium, No Preservatives
Servings Per Pack:
1.0
Storage Instructions:
Refrigerate below 4C.
Usage Instructions:
Single serve, consume once opened. Serve chilled.
Size:
70g
Warning:
Packaging contains small parts. Cap not suitable for children under the age of 3.
Code: 2744734P
2 7 4 4 7 3 4 P
Customers also purchased
Yoplait Petit Miam Blueberry Yoghurt Squeezie Pouch 70g
Yoplait Petit Miam Blueberry Yoghurt Squeezie Pouch
70g
$1.00
70g $1.43 per 100G
Unit Price
Add
1
for $1.00

Yoplait Petit Miam Squeezie Fruit Salad Yoghurt Pouch 70g
Yoplait Petit Miam Squeezie Fruit Salad Yoghurt Pouch
70g
$1.00
70g $1.43 per 100G
Unit Price
Add
1
for $1.00

Yoplait Petit Miam Mango Yoghurt Pouch 70g
Yoplait Petit Miam Mango Yoghurt Pouch
70g
$1.00
70g $1.43 per 100G
Unit Price
Add
1
for $1.00

Yoplait Petit Miam Yoghurt Vanilla Apple 70g
Yoplait Petit Miam Yoghurt Vanilla Apple
70g
$1.00
70g $1.43 per 100G
Unit Price
Add
1
for $1.00"	['/wcsstore/Coles-CAS/images/2/7/4/2744734-th.jpg', '/wcsstore/Coles-CAS/images/2/7/4/2744734_B-th.jpg']
Coles	Squeezie Banana Yoghurt Pouch	$ 0 .75	70g	$1.07 per 100G	"Nutrition Facts
Serving size: 1 serving = Approximately 70g
Qty
Quantity
per serving Qty
Quantity
per 100g / 100ml %
Percentage
daily intake*
Energy 216.02 308.60
Not provided
Energy Cal 51.68 73.83
Not provided
Protein 2.94 4.20
Not provided
Saturated Fat LESS THAN 1g 1.4 4
Carbohydrate 7.35 10.50
Not provided
Sugars 5.46 7.80
Not provided
Dietary Fibre Total 0.28 0.40
Not provided
Sodium 21.00 30.00
Not provided
Calcium 179.20 256.00
Not provided
*Percentage Daily Intake per serving. Percentage Daily Intakes are based on an average adult diet of 8700 kJ. Your daily intakes may be higher or lower depending on your energy needs.
Disclaimer:
Product details, including nutritional information and country of origin, may change from time to time and so the product you receive in your order may not reflect the information on this page. Please check the packaging on any product you purchase and if it's not what you expected, feel free to return it for a full refund.
Details
Ingredients:
INGREDIENTS: Reconsitituted Skim Milk, Fruit Puree Blend (8%) [Banana Puree (50%), Water, Sugar, Rice Starch, Lemon Juice Concentrate, Natural Flavouring, Natural Colour (Carotene), Milk Minerals], Cream, Sugar, Milk Solids, Thickeners (1442, 1401), Mineral Salt (341), Stabilisers (406, 440), Live Cultures.
Allergen:
Contains MILK
Servings Per Pack:
1.0
Storage Instructions:
Keep refrigerated. Store at or below 5C
Code: 1013493P
1 0 1 3 4 9 3 P
Customers also purchased
Pauls Milky Max Chocolate Custard 70g
Pauls Milky Max Chocolate Custard
70g
$1.90
70g $2.71 per 100G
Unit Price
Add
1
for $1.90

Coles Squeezie Vanilla Yoghurt Pouch 70g
Coles Squeezie Vanilla Yoghurt Pouch
70g
$0.75
Until 11 Apr 2023
Was $0.85 Jan 2023
70g $1.07 per 100G
Unit Price
Add
1
for $0.75

Coles Squeezie Strawberry Yoghurt Pouch 70g
Coles Squeezie Strawberry Yoghurt Pouch
70g
$0.75
Until 11 Apr 2023
Was $0.85 Jan 2023
70g $1.07 per 100G
Unit Price
Add
1
for $0.75

Coles Squeezie Blueberry Yoghurt Pouch 70g
Coles Squeezie Blueberry Yoghurt Pouch
70g
$0.75
Until 11 Apr 2023
Was $0.85 Jan 2023
70g $1.07 per 100G
Unit Price
Add
1
for $0.75"	['/wcsstore/Coles-CAS/images/1/0/1/1013493-th.jpg', '/wcsstore/Coles-CAS/images/1/0/1/1013493_B-th.jpg']
Coles	Squeezie Blueberry Yoghurt Pouch	$ 0 .75	70g	$1.07 per 100G	"Nutrition Facts
Serving size: 1 serving = 70g
Qty
Quantity
per serving Qty
Quantity
per 100g / 100ml %
Percentage
daily intake*
Energy 202.51 289.3
Not provided
Energy Cal 48.45 69.21
Not provided
Protein 2.59 3.7
Not provided
Saturated Fat LESS THAN 1g LESS THAN 1g 3
Carbohydrate 7.21 10.3
Not provided
Sugars 5.18 7.4
Not provided
Dietary Fibre Total 0.28 0.4
Not provided
Sodium 21 30
Not provided
Calcium 186.2 266
Not provided
*Percentage Daily Intake per serving. Percentage Daily Intakes are based on an average adult diet of 8700 kJ. Your daily intakes may be higher or lower depending on your energy needs.
Disclaimer:
Product details, including nutritional information and country of origin, may change from time to time and so the product you receive in your order may not reflect the information on this page. Please check the packaging on any product you purchase and if it's not what you expected, feel free to return it for a full refund.
Details
Ingredients:
INGREDIENTS: ;Reconstituted Skim ;Milk, Fruit Puree Blend (9%) [Water, Seedless Blueberry Puree ;(22%), Sugar, Rice Starch, Natural Flavouring, Acidity Regulators (331, 330)], Cream, Sugar, Milk Solids, Thickeners (1442, 1401), Mineral Salt (341), Stabilisers (406, 440), Live Cultures.
Allergen:
Contains MILK
Servings Per Pack:
1.0
Storage Instructions:
Keep refrigerated. Store at or below 5C
Code: 3049742P
3 0 4 9 7 4 2 P
Customers also purchased
Coles Chocolate Dairy Dessert 12 Pack 100g
Coles Chocolate Dairy Dessert 12 Pack
100g
$5.40
100g $5.40 per 100G
Unit Price
Add
1
for $5.40

Coles Squeezie Banana Yoghurt Pouch 70g
Coles Squeezie Banana Yoghurt Pouch
70g
$0.75
Until 11 Apr 2023
Was $0.85 Jan 2023
70g $1.07 per 100G
Unit Price
Add
1
for $0.75

Coles Squeezie Vanilla Yoghurt Pouch 70g
Coles Squeezie Vanilla Yoghurt Pouch
70g
$0.75
Until 11 Apr 2023
Was $0.85 Jan 2023
70g $1.07 per 100G
Unit Price
Add
1
for $0.75

Coles Squeezie Strawberry Yoghurt Pouch 70g
Coles Squeezie Strawberry Yoghurt Pouch
70g
$0.75
Until 11 Apr 2023
Was $0.85 Jan 2023
70g $1.07 per 100G
Unit Price
Add
1
for $0.75"	['/wcsstore/Coles-CAS/images/3/0/4/3049742-th.jpg', '/wcsstore/Coles-CAS/images/3/0/4/3049742_B-th.jpg']
Tamar Valley	Kids Greek Vanilla Yoghurt Pouch	$ 1 .70	110g	$1.55 per 100G	"Nutrition Facts
Serving size: 1 serving = 110g
Qty
Quantity
per serving Qty
Quantity
per 100g / 100ml %
Percentage
daily intake*
Energy 428kJ 389kJ
Not provided
Energy Cal 102Cal 93Cal
Not provided
Protein 4.0g 3.6g
Not provided
Total Fat 7.6g 6.9g
Not provided
Saturated Fat 5.1g 4.6g
Not provided
Carbohydrate 4.6g 4.2g
Not provided
Sugars 3.1g 2.8g
Not provided
Sodium 35mg 32mg
Not provided
Gluten Nil Nil
Not provided
Calcium
Not provided
141mg
Not provided
*Percentage Daily Intake per serving. Percentage Daily Intakes are based on an average adult diet of 8700 kJ. Your daily intakes may be higher or lower depending on your energy needs.
Disclaimer:
Product details, including nutritional information and country of origin, may change from time to time and so the product you receive in your order may not reflect the information on this page. Please check the packaging on any product you purchase and if it's not what you expected, feel free to return it for a full refund.
Details
Ingredients:
Whole Milk, Cream, Milk Solids, Water, Rice Starch, Natural Flavours, Lemon Pulp, Live Yoghurt Cultures.
Contains:
Yoghurt Cultures, Cream, Milk, 88% Dairy.
Allergen:
Contains Cream, Contains Milk
Dietary:
Source of Calcium, No Added Sugars
Servings Per Pack:
1.0
Storage Instructions:
Keep refrigerated between 1C and 4C.
Suitable for:
Children 6 months & older (Contains 28% Calcium RDI per serve for infants 6-12 months)
Usage Instructions:
Shake before opening. Ready to consume.
Size:
110g
Warning:
Cap is not a toy and may present a choking hazard. Always supervise your child while eating. Discard uneaten portion once opened.
Code: 2744348P
2 7 4 4 3 4 8 P"	['/wcsstore/Coles-CAS/images/2/7/4/2744348-th.jpg', '/wcsstore/Coles-CAS/images/2/7/4/2744348_B-th.jpg']
Farmers Union	Greek Style Strawberry Yoghurt Pouch	$ 2 .00	130g	$1.54 per 100G	"Nutrition Facts
Serving size: 1 serving = 130g
Qty
Quantity
per serving Qty
Quantity
per 100g / 100ml %
Percentage
daily intake*
Energy 489kJ 376kJ
Not provided
Energy Cal 117Cal 90Cal
Not provided
Protein 6.5g 5.0g
Not provided
Total Fat 3.8g 2.9g
Not provided
Saturated Fat 2.5g 1.9g
Not provided
Carbohydrate 13.9g 10.7g
Not provided
Sugars 13.3g 10.2g
Not provided
Dietary Fibre Total 0g 0g
Not provided
Sodium 65mg 50mg
Not provided
Gluten 0mg 0mg
Not provided
Calcium 233mg 179mg 29% RDI*
*Percentage Daily Intake per serving. Percentage Daily Intakes are based on an average adult diet of 8700 kJ. Your daily intakes may be higher or lower depending on your energy needs.
Disclaimer:
Product details, including nutritional information and country of origin, may change from time to time and so the product you receive in your order may not reflect the information on this page. Please check the packaging on any product you purchase and if it's not what you expected, feel free to return it for a full refund.
Details
Ingredients:
Milk, Milk Solids, Strawberry (5%), (Puree, Reconstituted Juice), Water, Sugar, Cream (Milk), Thickener (Modified Starch), Natural Flavour, Natural Colour (Carrot Concentrate), Milk Minerals, Probiotic Cultures (Milk): B. lactis (BB-12), Yoghurt Cultures (Milk): S. Thermophilus, L. Bulgaricus
Contains:
Milk and Cream.
Allergen:
Contains Milk, May Be Present Dairy
Servings Per Pack:
1.0
Storage Instructions:
Keep refrigerated below 4C.
Usage Instructions:
Enjoy on its own as a snack or squeeze onto fruit.
Size:
130g
Code: 3251415P
3 2 5 1 4 1 5 P
Customers also purchased
Farmers Union Greek Style Vanilla Bean Yoghurt 130g
Farmers Union Greek Style Vanilla Bean Yoghurt
130g
$2.00
130g $1.54 per 100G
Unit Price
Add
1
for $2.00

Farmers Union Greek Style Mango Yoghurt Pouch 130g
Farmers Union Greek Style Mango Yoghurt Pouch
130g
$2.00
130g $1.54 per 100G
Unit Price
Add
1
for $2.00

Farmers Union Greek Style Passionfruit Yoghurt Pouch 130g
Farmers Union Greek Style Passionfruit Yoghurt Pouch
130g
$2.00
130g $1.54 per 100G
Unit Price
Add
1
for $2.00

Farmers Union Yoghurt Peach 130g 130g
Farmers Union Yoghurt Peach 130g
130g
$2.00
130g $1.54 per 100G
Unit Price
Add
1
for $2.00"	['/wcsstore/Coles-CAS/images/3/2/5/3251415-th.jpg', '/wcsstore/Coles-CAS/images/3/2/5/3251415_B-th.jpg']
Yoplait	Petit Miam Squeezie Banana Yoghurt Pouch	$ 1 .00	70g	$1.43 per 100G	"Nutrition Facts
Serving size: 1 serving = 70g
Qty
Quantity
per serving Qty
Quantity
per 100g / 100ml %
Percentage
daily intake*
Energy 211kJ 301kJ
Not provided
Energy Cal 50Cal 72Cal
Not provided
Protein 2.4g 3.4g
Not provided
Total Fat 1.6g 2.3g
Not provided
Saturated Fat 1.1g 1.5g
Not provided
Carbohydrate 6.4g 9.2g
Not provided
Sugars 5.2g 7.4g
Not provided
Sodium 30mg 43mg
Not provided
Vitamin D 0.5g 0.7g 5%
Calcium 145mg 207mg
Not provided
*Percentage Daily Intake per serving. Percentage Daily Intakes are based on an average adult diet of 8700 kJ. Your daily intakes may be higher or lower depending on your energy needs.
Disclaimer:
Product details, including nutritional information and country of origin, may change from time to time and so the product you receive in your order may not reflect the information on this page. Please check the packaging on any product you purchase and if it's not what you expected, feel free to return it for a full refund.
Details
Ingredients:
Milk (min. 70%) [Milk, Skim Milk], Water, Milk Solids, Banana (5%), Sugar, Thickener (1442), Mineral Calcium (341), Natural Flavours, Acidity Regulators (330, 331), Natural Colour (160b), Vitamin D, Yoghurt Cultures: S. Thermophilus, L. Bulgaricus & B. Lactis.
Contains:
Milk.
Allergen:
Contains Milk
Dietary:
Source of Calcium, No Preservatives
Servings Per Pack:
1.0
Storage Instructions:
Do not re-freeze. Keep refrigerated below 4C. Eat within best before date, even if frozen. Consume within 7 days of opening., Refrigerate below 4C., Refrigerate below 4C.
Usage Instructions:
Single serve, consume once opened. Serve chilled.
Size:
70g
Warning:
Packaging contains small parts. Cap not suitable for children under the age of 3.
Code: 6569240P
6 5 6 9 2 4 0 P
Customers also purchased
Yoplait Petit Miam Blueberry Yoghurt Squeezie Pouch 70g
Yoplait Petit Miam Blueberry Yoghurt Squeezie Pouch
70g
$1.00
70g $1.43 per 100G
Unit Price
Add
1
for $1.00

Yoplait Petit Miam Squeezie Fruit Salad Yoghurt Pouch 70g
Yoplait Petit Miam Squeezie Fruit Salad Yoghurt Pouch
70g
$1.00
70g $1.43 per 100G
Unit Price
Add
1
for $1.00

Yoplait Petit Miam Squeezie Strawberry Yoghurt Pouch 70g
Yoplait Petit Miam Squeezie Strawberry Yoghurt Pouch
70g
$1.00
70g $1.43 per 100G
Unit Price
Add
1
for $1.00

Yoplait Petit Miam Yoghurt Vanilla Apple 70g
Yoplait Petit Miam Yoghurt Vanilla Apple
70g
$1.00
70g $1.43 per 100G
Unit Price
Add
1
for $1.00"	['/wcsstore/Coles-CAS/images/6/5/6/6569240-th.jpg', '/wcsstore/Coles-CAS/images/6/5/6/6569240_B-th.jpg']
Farmers Union	Greek Style Mango Yoghurt Pouch	$ 2 .00	130g	$1.54 per 100G	"Nutrition Facts
Serving size: 1 serving = 130g
Qty
Quantity
per serving Qty
Quantity
per 100g / 100ml %
Percentage
daily intake*
Energy 473kJ 364kJ
Not provided
Energy Cal 113Cal 87Cal
Not provided
Protein 6.4g 4.9g
Not provided
Total Fat 3.8g 2.9g
Not provided
Saturated Fat 2.5g 1.9g
Not provided
Carbohydrate 13.0g 10.0g
Not provided
Sugars 12.6g 9.7g
Not provided
Dietary Fibre Total 0.1g 0.1g
Not provided
Sodium 65mg 50mg
Not provided
Gluten 0mg 0mg
Not provided
Calcium 226mg 174mg 28% RDI*
*Percentage Daily Intake per serving. Percentage Daily Intakes are based on an average adult diet of 8700 kJ. Your daily intakes may be higher or lower depending on your energy needs.
Disclaimer:
Product details, including nutritional information and country of origin, may change from time to time and so the product you receive in your order may not reflect the information on this page. Please check the packaging on any product you purchase and if it's not what you expected, feel free to return it for a full refund.
Details
Ingredients:
Milk, Milk Solids, Water, Mango (5%), Sugar, Cream (Milk), Thickener (Modified Starch), Natural Flavour, Natural Colour (Caroten), Milk Minerals, Probiotic Cultures (Milk): B. lactis (BB-12), Yoghurt Cultures (Milk): S. Thermophilus, L. Bulgaricus
Contains:
Milk and Cream.
Allergen:
Contains Milk, May Be Present Dairy
Servings Per Pack:
1.0
Storage Instructions:
Keep refrigerated below 4C.
Usage Instructions:
Enjoy on its own as a snack or squeeze onto fruit.
Size:
130g
Code: 3305810P
3 3 0 5 8 1 0 P
Customers also purchased
Farmers Union Greek Style Vanilla Bean Yoghurt 130g
Farmers Union Greek Style Vanilla Bean Yoghurt
130g
$2.00
130g $1.54 per 100G
Unit Price
Add
1
for $2.00

Farmers Union Greek Style Strawberry Yoghurt Pouch 130g
Farmers Union Greek Style Strawberry Yoghurt Pouch
130g
$2.00
130g $1.54 per 100G
Unit Price
Add
1
for $2.00

Farmers Union Greek Style Passionfruit Yoghurt Pouch 130g
Farmers Union Greek Style Passionfruit Yoghurt Pouch
130g
$2.00
130g $1.54 per 100G
Unit Price
Add
1
for $2.00

Farmers Union Yoghurt Peach 130g 130g
Farmers Union Yoghurt Peach 130g
130g
$2.00
130g $1.54 per 100G
Unit Price
Add
1
for $2.00"	['/wcsstore/Coles-CAS/images/3/3/0/3305810-th.jpg', '/wcsstore/Coles-CAS/images/3/3/0/3305810_B-th.jpg']
Yoplait	Petit Miam Mango Yoghurt Pouch	$ 1 .00	70g	$1.43 per 100G	"Nutrition Facts
Serving size: 1 serving = 70
Qty
Quantity
per serving Qty
Quantity
per 100g / 100ml %
Percentage
daily intake*
Energy 211 302
Not provided
Energy Cal 50 72
Not provided
Protein 2.4 3.4
Not provided
Total Fat 1.6 2.3
Not provided
Saturated Fat 1 1.4
Not provided
Carbohydrate 6.4 9.2
Not provided
Sugars 5.3 7.5
Not provided
Sodium 30 43
Not provided
Gluten 0 0
Not provided
Calcium 145 207 18.0%
*Percentage Daily Intake per serving. Percentage Daily Intakes are based on an average adult diet of 8700 kJ. Your daily intakes may be higher or lower depending on your energy needs.
Disclaimer:
Product details, including nutritional information and country of origin, may change from time to time and so the product you receive in your order may not reflect the information on this page. Please check the packaging on any product you purchase and if it's not what you expected, feel free to return it for a full refund.
Details
Ingredients:
MILK (MIN.70%) [MILK, SKIM MILK], WATER, MILK SOLIDS, MANGO (5%), SUGAR, THICKENER (1442), MINERAL CALCIUM (341), NATURAL FLAVOUR, NATURAL COLOUR (160a), MILK MINERALS, YOGHURT CULTURES:S. THERMOPHILUS, L. BULGARICUS & B.LACTIS. CONTAINS MILK.
Servings Per Pack:
1.0
Size:
70g
Code: 3536368P
3 5 3 6 3 6 8 P
Customers also purchased
Yoplait Petit Miam Blueberry Yoghurt Squeezie Pouch 70g
Yoplait Petit Miam Blueberry Yoghurt Squeezie Pouch
70g
$1.00
70g $1.43 per 100G
Unit Price
Add
1
for $1.00

Yoplait Petit Miam Squeezie Fruit Salad Yoghurt Pouch 70g
Yoplait Petit Miam Squeezie Fruit Salad Yoghurt Pouch
70g
$1.00
70g $1.43 per 100G
Unit Price
Add
1
for $1.00

Yoplait Petit Miam Squeezie Strawberry Yoghurt Pouch 70g
Yoplait Petit Miam Squeezie Strawberry Yoghurt Pouch
70g
$1.00
70g $1.43 per 100G
Unit Price
Add
1
for $1.00

Yoplait Petit Miam Vanilla Yoghurt Pouch 70g
Yoplait Petit Miam Vanilla Yoghurt Pouch
70g
$1.00
70g $1.43 per 100G
Unit Price
Add
1
for $1.00"	[]
Farmers Union	Greek Style Vanilla Bean Yoghurt	$ 2 .00	130g	$1.54 per 100G	"Nutrition Facts
Serving size: 1 serving = 130g
Qty
Quantity
per serving Qty
Quantity
per 100g / 100ml %
Percentage
daily intake*
Energy 521kJ 401kJ
Not provided
Energy Cal 124Cal 95Cal
Not provided
Protein 6.4g 4.9g
Not provided
Total Fat 3.8g 2.9g
Not provided
Saturated Fat 2.5g 1.9g
Not provided
Carbohydrate 16.0g 12.3g
Not provided
Sugars 15.3g 11.8g
Not provided
Dietary Fibre Total 0g 0g
Not provided
Sodium 65mg 50mg
Not provided
Gluten 0mg 0mg
Not provided
Calcium 226mg 174mg 28% RDI*
*Percentage Daily Intake per serving. Percentage Daily Intakes are based on an average adult diet of 8700 kJ. Your daily intakes may be higher or lower depending on your energy needs.
Disclaimer:
Product details, including nutritional information and country of origin, may change from time to time and so the product you receive in your order may not reflect the information on this page. Please check the packaging on any product you purchase and if it's not what you expected, feel free to return it for a full refund.
Details
Ingredients:
Milk, Milk Solids, Water, Sugar, Cream (Milk), Thickener (Modified Starch), Natural Flavour, Acidity Regulators (Citric Acid, Sodium Citrate), Probiotic Cultures (Milk): B. lactis (BB-12), Yoghurt Cultures (Milk): S. Thermophilus, L. Bulgaricus, Vanilla Bean (0.01%), Natural Colour (Carotene)
Contains:
Milk and Cream.
Allergen:
Contains Milk, May Be Present Dairy
Servings Per Pack:
1.0
Storage Instructions:
Keep refrigerated below 4C.
Usage Instructions:
Enjoy on its own as a snack or squeeze onto fruit.
Size:
130g
Code: 3087060P
3 0 8 7 0 6 0 P
Customers also purchased
Farmers Union Greek Style Mango Yoghurt Pouch 130g
Farmers Union Greek Style Mango Yoghurt Pouch
130g
$2.00
130g $1.54 per 100G
Unit Price
Add
1
for $2.00

Farmers Union Greek Style Strawberry Yoghurt Pouch 130g
Farmers Union Greek Style Strawberry Yoghurt Pouch
130g
$2.00
130g $1.54 per 100G
Unit Price
Add
1
for $2.00

Farmers Union Greek Style Passionfruit Yoghurt Pouch 130g
Farmers Union Greek Style Passionfruit Yoghurt Pouch
130g
$2.00
130g $1.54 per 100G
Unit Price
Add
1
for $2.00

Farmers Union Yoghurt Peach 130g 130g
Farmers Union Yoghurt Peach 130g
130g
$2.00
130g $1.54 per 100G
Unit Price
Add
1
for $2.00"	['/wcsstore/Coles-CAS/images/3/0/8/3087060-th.jpg', '/wcsstore/Coles-CAS/images/3/0/8/3087060_B-th.jpg']
Tamar Valley	Kids Natural Greek Tropical Yoghurt Pouch	$ 1 .70	110g	$1.55 per 100G	"Nutrition Facts
Serving size: 1 serving = 110g
Qty
Quantity
per serving Qty
Quantity
per 100g / 100ml %
Percentage
daily intake*
Energy 436kJ 396kJ
Not provided
Energy Cal 104Cal 95Cal
Not provided
Protein 4.0g 3.6g
Not provided
Total Fat 7.7g 7.0g
Not provided
Saturated Fat 5.1g 4.6g
Not provided
Carbohydrate 5.0g 4.5g
Not provided
Sugars 3.7g 3.4g
Not provided
Sodium 35mg 32mg
Not provided
Gluten Nil Nil
Not provided
Calcium
Not provided
142mg
Not provided
*Percentage Daily Intake per serving. Percentage Daily Intakes are based on an average adult diet of 8700 kJ. Your daily intakes may be higher or lower depending on your energy needs.
Disclaimer:
Product details, including nutritional information and country of origin, may change from time to time and so the product you receive in your order may not reflect the information on this page. Please check the packaging on any product you purchase and if it's not what you expected, feel free to return it for a full refund.
Details
Ingredients:
Whole Milk, Cream, Milk Solids, Fruit (4.2%) (Peach Puree, Mango Puree Orange pulp, Lemon Pulp), Rice Starch, Natural Flavours, Live Yoghurt Culture.
Contains:
Yoghurt Cultures, Cream, Milk, 88% Dairy.
Allergen:
Contains Cream, Contains Milk
Dietary:
Source of Calcium, No Added Sugars
Servings Per Pack:
1.0
Storage Instructions:
Keep refrigerated between 1C and 4C.
Suitable for:
Children 6 months & older (Contains 28% Calcium RDI per serve for infants 6-12 months)
Usage Instructions:
Shake before opening. Ready to consume.
Size:
110g
Warning:
Cap is not a toy and may present a choking hazard. Always supervise your child while eating. Discard uneaten portion once opened.
Code: 2744360P
2 7 4 4 3 6 0 P
Customers also purchased
Tamar Valley Kids Greek Strawberry Yoghurt Pouch 110g
Tamar Valley Kids Greek Strawberry Yoghurt Pouch
110g
$1.70
Was $2.20 Jan 2023
110g $1.55 per 100G
Unit Price
Add
1
for $1.70

Tamar Valley Kids Greek Blueberry Yoghurt Pouch 110g
Tamar Valley Kids Greek Blueberry Yoghurt Pouch
110g
$1.70
Was $2.20 Jan 2023
110g $1.55 per 100G
Unit Price
Add
1
for $1.70

Tamar Valley Kids Greek Natural Raspberry Yoghurt Pouch 110g
Tamar Valley Kids Greek Natural Raspberry Yoghurt Pouch
110g
$1.70
Was $2.20 Jan 2023
110g $1.55 per 100G
Unit Price
Add
1
for $1.70

Tamar Valley Kids Greek Pouch Yoghurt 110g
Tamar Valley Kids Greek Pouch Yoghurt
110g
$1.70
Was $2.20 Jan 2023
110g $1.55 per 100G
Unit Price
Add
1
for $1.70"	['/wcsstore/Coles-CAS/images/2/7/4/2744360-th.jpg', '/wcsstore/Coles-CAS/images/2/7/4/2744360_B-th.jpg']
Vaalia	Kids Vanilla Yoghurt Pouch	$ 2 .20	140g	$1.57 per 100G	"Nutrition Facts
Serving size: 1 serving = 140g
Qty
Quantity
per serving Qty
Quantity
per 100g / 100ml %
Percentage
daily intake*
Energy 529kJ 378kJ
Not provided
Energy Cal 127Cal 90Cal
Not provided
Protein 6.4g 4.6g
Not provided
Total Fat 3.5g 2.5g
Not provided
Saturated Fat 2.4g 1.7g
Not provided
Carbohydrate 17.1g 12.2g
Not provided
Sugars 13.2g 9.4g
Not provided
Sodium 67mg 48mg
Not provided
Gluten NIL NIL
Not provided
Vitamin B12 0.29ug 0.21ug 14% RDI*
Calcium 224mg 160mg 28% RDI*
*Percentage Daily Intake per serving. Percentage Daily Intakes are based on an average adult diet of 8700 kJ. Your daily intakes may be higher or lower depending on your energy needs.
Disclaimer:
Product details, including nutritional information and country of origin, may change from time to time and so the product you receive in your order may not reflect the information on this page. Please check the packaging on any product you purchase and if it's not what you expected, feel free to return it for a full refund.
Details
Ingredients:
Whole Milk, skim milk, milk solids, water, sugar, rice starch, gelatin, natural flavours, acidity regulators (331, 330), live cultures (incl. L. acidophilus, Bifidobacterium, Lactobacillus GG).
Contains:
Milk
Allergen:
Contains Milk
Dietary:
No Preservatives
Servings Per Pack:
1.0
Storage Instructions:
To enjoy Vaalia at its best, please keep refrigerated between 1C- 5C., Refrigerate Below 5C. Best Consumed within 7 Days of Opening.
Usage Instructions:
Ready to consume. Discard uneaten portion once opened.
Size:
140g
Warning:
Cap is not a toy and may present a choking hazard. Always supervise your child while eating.
Code: 7246869P
7 2 4 6 8 6 9 P"	['/wcsstore/Coles-CAS/images/7/2/4/7246869-th.jpg', '/wcsstore/Coles-CAS/images/7/2/4/7246869_B-th.jpg']
Vaalia	Kids Strawberry Yoghurt Pouch	$ 2 .20	140g	$1.57 per 100G	"Nutrition Facts
Serving size: 1 serving = 140g
Qty
Quantity
per serving Qty
Quantity
per 100g / 100ml %
Percentage
daily intake*
Energy 517kJ 369kJ
Not provided
Energy Cal 124Cal 88Cal
Not provided
Protein 6.4g 4.6g
Not provided
Total Fat 3.4g 2.4g
Not provided
Saturated Fat 2.4g 1.7g
Not provided
Carbohydrate 16.5g 11.8g
Not provided
Sugars 12.5g 8.9g
Not provided
Sodium 69mg 49mg
Not provided
Vitamin B12 0.29ug 0.21ug 14% RDI*
Calcium 219mg 157mg 27% RDI*
*Percentage Daily Intake per serving. Percentage Daily Intakes are based on an average adult diet of 8700 kJ. Your daily intakes may be higher or lower depending on your energy needs.
Disclaimer:
Product details, including nutritional information and country of origin, may change from time to time and so the product you receive in your order may not reflect the information on this page. Please check the packaging on any product you purchase and if it's not what you expected, feel free to return it for a full refund.
Details
Ingredients:
Whole Milk, skim milk, water, sugar, milk solids, Strawberry pulp (3.5%), rice starch, gelatin, natural flavours, acidity regulators (331, 330), live yoghurt cultures (incl. L. acidophilus, Bifidobacterium, Lactobacillus GG).
Contains:
Milk
Allergen:
Contains Milk
Dietary:
No Preservatives
Servings Per Pack:
1.0
Storage Instructions:
To enjoy Vaalia at its best, please keep refrigerated between 1C- 5C.
Usage Instructions:
Ready to consume. Discard uneaten portion once opened.
Size:
140g
Warning:
Cap is not a toy and may present a choking hazard. Always supervise your child while eating.
Code: 7246880P
7 2 4 6 8 8 0 P
Customers also purchased
Vaalia Probiotics Banana Kids Yoghurt Pouch 140g
Vaalia Probiotics Banana Kids Yoghurt Pouch
140g
$2.20
140g $1.57 per 100G
Unit Price
Add
1
for $2.20

Vaalia Kids Vanilla Yoghurt Pouch 140g
Vaalia Kids Vanilla Yoghurt Pouch
140g
$2.20
140g $1.57 per 100G
Unit Price
Add
1
for $2.20

Vaalia Kids Tropical Yoghurt Pouch 140g
Vaalia Kids Tropical Yoghurt Pouch
140g
$2.20
140g $1.57 per 100G
Unit Price
Add
1
for $2.20

Vaalia Kids Pouch Yoghurt Blueberry 140g
Vaalia Kids Pouch Yoghurt Blueberry
140g
$2.20
140g $1.57 per 100G
Unit Price
Add
1
for $2.20"	['/wcsstore/Coles-CAS/images/7/2/4/7246880-th.jpg', '/wcsstore/Coles-CAS/images/7/2/4/7246880_B-th.jpg']
Yoplait	Petit Miam Strawberry & Banana	$ 1 .00	70g	$1.43 per 100G	"Disclaimer:
Product details, including nutritional information and country of origin, may change from time to time and so the product you receive in your order may not reflect the information on this page. Please check the packaging on any product you purchase and if it's not what you expected, feel free to return it for a full refund.
Details
Contains:
Milk, Cream.
Storage Instructions:
Keep refrigerated below 4C
Suitable for:
Halal
Usage Instructions:
Give me a shake. Single serve, consume once opened. Serve chilled.
Size:
70g
Code: 3830897P
3 8 3 0 8 9 7 P
Customers also purchased
Yoplait Petit Miam Squeezie Fruit Salad Yoghurt Pouch 70g
Yoplait Petit Miam Squeezie Fruit Salad Yoghurt Pouch
70g
$1.00
70g $1.43 per 100G
Unit Price
Add
1
for $1.00

Yoplait Petit Miam Squeezie Banana Yoghurt Pouch 70g
Yoplait Petit Miam Squeezie Banana Yoghurt Pouch
70g
$1.00
70g $1.43 per 100G
Unit Price
Add
1
for $1.00

Yoplait Petit Miam Vanilla Yoghurt Pouch 70g
Yoplait Petit Miam Vanilla Yoghurt Pouch
70g
$1.00
70g $1.43 per 100G
Unit Price
Add
1
for $1.00

Yoplait Petit Miam Yoghurt Vanilla Apple 70g
Yoplait Petit Miam Yoghurt Vanilla Apple
70g
$1.00
70g $1.43 per 100G
Unit Price
Add
1
for $1.00"	['/wcsstore/Coles-CAS/images/3/8/3/3830897-th.jpg', '/wcsstore/Coles-CAS/images/3/8/3/3830897_B-th.jpg']
Tamar Valley	Kids Greek Natural Raspberry Yoghurt Pouch	$ 1 .70	110g	$1.55 per 100G	"Nutrition Facts
Serving size: 1 serving = 110g
Qty
Quantity
per serving Qty
Quantity
per 100g / 100ml %
Percentage
daily intake*
Energy 438kJ 398kJ
Not provided
Energy Cal 105Cal 95Cal
Not provided
Protein 4.1g 3.7g
Not provided
Total Fat 7.8g 7.1g
Not provided
Saturated Fat 5.2g 4.7g
Not provided
Carbohydrate 4.5g 4.1g
Not provided
Sugars 3.4g 3.1g
Not provided
Sodium 35mg 32mg
Not provided
Gluten Nil Nil
Not provided
Calcium
Not provided
151mg
Not provided
*Percentage Daily Intake per serving. Percentage Daily Intakes are based on an average adult diet of 8700 kJ. Your daily intakes may be higher or lower depending on your energy needs.
Disclaimer:
Product details, including nutritional information and country of origin, may change from time to time and so the product you receive in your order may not reflect the information on this page. Please check the packaging on any product you purchase and if it's not what you expected, feel free to return it for a full refund.
Details
Ingredients:
Whole milk, Cream, Milk Solids, Seedless Raspberry Pulp (4.0%), Rice Starch, Natural Flavours, Live Yoghurt Cultures.
Contains:
Yoghurt cultures, Cream, Milk, Dairy 88%.
Allergen:
Contains Cream, Contains Milk
Dietary:
Source of Calcium, No Added Sugars
Servings Per Pack:
1.0
Storage Instructions:
Keep refrigerated between 1C and 4C.
Suitable for:
Children 6 months & older. (Contains 30% Calcium RDI per serve for infants 6-12 months.)
Usage Instructions:
Shake before opening. Ready to consume.
Size:
110g
Warning:
Cap is not a toy and may present a choking hazard. Always supervise your children while eating. Discard uneaten portion once opened.
Code: 3245570P
3 2 4 5 5 7 0 P
Customers also purchased
Tamar Valley Kids Greek Strawberry Yoghurt Pouch 110g
Tamar Valley Kids Greek Strawberry Yoghurt Pouch
110g
$1.70
Was $2.20 Jan 2023
110g $1.55 per 100G
Unit Price
Add
1
for $1.70

Tamar Valley Kids Natural Greek Tropical Yoghurt Pouch 110g
Tamar Valley Kids Natural Greek Tropical Yoghurt Pouch
110g
$1.70
Was $2.20 Jan 2023
110g $1.55 per 100G
Unit Price
Add
1
for $1.70

Tamar Valley Kids Greek Vanilla Yoghurt Pouch 110g
Tamar Valley Kids Greek Vanilla Yoghurt Pouch
110g
$1.70
Was $2.20 Jan 2023
110g $1.55 per 100G
Unit Price
Add
1
for $1.70

Tamar Valley Kids Greek Blueberry Yoghurt Pouch 110g
Tamar Valley Kids Greek Blueberry Yoghurt Pouch
110g
$1.70
Was $2.20 Jan 2023
110g $1.55 per 100G
Unit Price
Add
1
for $1.70"	['/wcsstore/Coles-CAS/images/3/2/4/3245570-th.jpg', '/wcsstore/Coles-CAS/images/3/2/4/3245570_B-th.jpg']
Tamar Valley	Kids Greek Pouch Yoghurt	$ 1 .70	110g	$1.55 per 100G	"Nutrition Facts
Serving size: 1 serving = 110g
Qty
Quantity
per serving Qty
Quantity
per 100g / 100ml %
Percentage
daily intake*
Energy 459kJ 417kJ
Not provided
Energy Cal 110Cal 100Cal
Not provided
Protein 4.0g 3.6g
Not provided
Total Fat 7.5g 6.8g
Not provided
Saturated Fat 5.0g 4.5g
Not provided
Carbohydrate 6.7g 6.1g
Not provided
Sugars 4.8g 4.4g
Not provided
Sodium 37mg 34mg
Not provided
Gluten Nil Nil
Not provided
Calcium 152mg 138mg
Not provided
*Percentage Daily Intake per serving. Percentage Daily Intakes are based on an average adult diet of 8700 kJ. Your daily intakes may be higher or lower depending on your energy needs.
Disclaimer:
Product details, including nutritional information and country of origin, may change from time to time and so the product you receive in your order may not reflect the information on this page. Please check the packaging on any product you purchase and if it's not what you expected, feel free to return it for a full refund.
Details
Ingredients:
Milk, Cream, Milk Solids, Seedless Banana Puree (13%), Natural Flavours, Acidity Regulators (300, 330), Live Yoghurt Cultures.
Contains:
Cream, Milk, 87% Dairy.
Allergen:
Contains Dairy, Contains Cream, Contains Milk
Dietary:
Source of Calcium, No Added Sugars
Servings Per Pack:
1.0
Storage Instructions:
Keep refrigerated between 1C and 4C.
Suitable for:
Suitable for children 6 months and older (contains 27% RDI calcium per serve for infants 6-12 months).
Usage Instructions:
Shake before opening. Ready to consume. Discard uneaten portion once opened.
Size:
110g
Warning:
Cap is not a toy and may present a choking hazard. Supervise your child while eating.
Code: 3539526P
3 5 3 9 5 2 6 P
Customers also purchased
Tamar Valley Kids Greek Strawberry Yoghurt Pouch 110g
Tamar Valley Kids Greek Strawberry Yoghurt Pouch
110g
$1.70
Was $2.20 Jan 2023
110g $1.55 per 100G
Unit Price
Add
1
for $1.70

Tamar Valley Kids Natural Greek Tropical Yoghurt Pouch 110g
Tamar Valley Kids Natural Greek Tropical Yoghurt Pouch
110g
$1.70
Was $2.20 Jan 2023
110g $1.55 per 100G
Unit Price
Add
1
for $1.70

Tamar Valley Kids Greek Vanilla Yoghurt Pouch 110g
Tamar Valley Kids Greek Vanilla Yoghurt Pouch
110g
$1.70
Was $2.20 Jan 2023
110g $1.55 per 100G
Unit Price
Add
1
for $1.70

Tamar Valley Kids Greek Blueberry Yoghurt Pouch 110g
Tamar Valley Kids Greek Blueberry Yoghurt Pouch
110g
$1.70
Was $2.20 Jan 2023
110g $1.55 per 100G
Unit Price
Add
1
for $1.70"	['/wcsstore/Coles-CAS/images/3/5/3/3539526-th.jpg', '/wcsstore/Coles-CAS/images/3/5/3/3539526_B-th.jpg']
Farmers Union	Greek Style Passionfruit Yoghurt Pouch	$ 2 .00	130g	$1.54 per 100G	"Nutrition Facts
Serving size: 1 serving = 130g
Qty
Quantity
per serving Qty
Quantity
per 100g / 100ml %
Percentage
daily intake*
Energy 497kJ 382kJ
Not provided
Energy Cal 118Cal 91Cal
Not provided
Protein 6.5g 5.0g
Not provided
Total Fat 3.8g 2.9g
Not provided
Saturated Fat 2.5g 1.9g
Not provided
Carbohydrate 14.4g 11.1g
Not provided
Sugars 13.9g 10.7g
Not provided
Dietary Fibre Total 0.0g 0.0g
Not provided
Sodium 66mg 51mg
Not provided
Gluten 0 0
Not provided
Calcium 294mg 226mg 37% RDI
*Percentage Daily Intake per serving. Percentage Daily Intakes are based on an average adult diet of 8700 kJ. Your daily intakes may be higher or lower depending on your energy needs.
Disclaimer:
Product details, including nutritional information and country of origin, may change from time to time and so the product you receive in your order may not reflect the information on this page. Please check the packaging on any product you purchase and if it's not what you expected, feel free to return it for a full refund.
Details
Ingredients:
Milk, Milk Solids, Water, Passionfruit (5%) (Reconstituted Juice, Pulp), Sugar, Cream (Milk), Thickener (Modified Starch), Milk Minerals, Natural Flavours, Probiotic Cultures (Milk): B. lactis (BB-12), Yoghurt Cultures (Milk): S. Thermophilus, L. Bulgaricus
Contains:
Milk and Cream.
Allergen:
Contains Milk, May Be Present Dairy
Servings Per Pack:
1.0
Storage Instructions:
Keep refrigerated below 4C.
Usage Instructions:
Enjoy on its own as a snack or squeeze onto fruit.
Size:
130g
Code: 3306765P
3 3 0 6 7 6 5 P
Customers also purchased
Farmers Union Greek Style Vanilla Bean Yoghurt 130g
Farmers Union Greek Style Vanilla Bean Yoghurt
130g
$2.00
130g $1.54 per 100G
Unit Price
Add
1
for $2.00

Farmers Union Greek Style Mango Yoghurt Pouch 130g
Farmers Union Greek Style Mango Yoghurt Pouch
130g
$2.00
130g $1.54 per 100G
Unit Price
Add
1
for $2.00

Farmers Union Greek Style Strawberry Yoghurt Pouch 130g
Farmers Union Greek Style Strawberry Yoghurt Pouch
130g
$2.00
130g $1.54 per 100G
Unit Price
Add
1
for $2.00

Farmers Union Yoghurt Peach 130g 130g
Farmers Union Yoghurt Peach 130g
130g
$2.00
130g $1.54 per 100G
Unit Price
Add
1
for $2.00"	['/wcsstore/Coles-CAS/images/3/3/0/3306765-th.jpg', '/wcsstore/Coles-CAS/images/3/3/0/3306765_B-th.jpg']
Jalna	Pouch Of Purity Organic Strawberry Yoghurt	$ 1 .95	100g	$1.95 per 100G	"Nutrition Facts
Serving size: 1 serving = 100g
Qty
Quantity
per serving Qty
Quantity
per 100g / 100ml %
Percentage
daily intake*
Energy 365kJ 365kJ
Not provided
Protein 4.1g 4.1g
Not provided
Total Fat 5g 5g
Not provided
Saturated Fat 3.5g 3.5g
Not provided
Carbohydrate 6.5g 6.5g
Not provided
Sugars 4.8g 4.8g
Not provided
Sodium 43mg 43mg
Not provided
Gluten Undetected Undetected
Not provided
Calcium 162mg 162mg 23%
*Percentage Daily Intake per serving. Percentage Daily Intakes are based on an average adult diet of 8700 kJ. Your daily intakes may be higher or lower depending on your energy needs.
Disclaimer:
Product details, including nutritional information and country of origin, may change from time to time and so the product you receive in your order may not reflect the information on this page. Please check the packaging on any product you purchase and if it's not what you expected, feel free to return it for a full refund.
Details
Ingredients:
Pasteurised Organic Whole Milk, Non-Organic Milk Solids ( 1 Billion Probiotic Count Per 100g
Allergen:
Free From Gluten, Contains Milk
Environmental:
Australian Made and Owned, Recyclable
Dietary:
No Added Sugars, No Preservatives, No Artificial Flavours or Colours
Servings Per Pack:
1.0
Storage Instructions:
Keep Refrigerated. Ready to Eat
Dimensions:
165 x 77 x 40mm
Usage Instructions:
Servings Per Pack: 1, Serving Size: 100g
Warning:
WARNING CHOKING HAZARD: KEEP CAP OUT OF REACH OF INFANTS AND CHILDREN UNDER THE AGE OF 3.
Code: 3536583P
3 5 3 6 5 8 3 P
Customers also purchased
Jalna Pot Set Yoghurt Natural Greek 170g
Jalna Pot Set Yoghurt Natural Greek
170g
$2.40
170g $1.41 per 100G
Unit Price
Add
1
for $2.40

Jalna Pouch Of Purity Organic Blueberry Yoghurt 100g
Jalna Pouch Of Purity Organic Blueberry Yoghurt
100g
$1.95
100g $1.95 per 100G
Unit Price
Add
1
for $1.95

Jalna Pouch Of Purity Organic Vanilla Yoghurt 100g
Jalna Pouch Of Purity Organic Vanilla Yoghurt
100g
$1.95
100g $1.95 per 100G
Unit Price
Add
1
for $1.95"	['/wcsstore/Coles-CAS/images/3/5/3/3536583-th.jpg', '/wcsstore/Coles-CAS/images/3/5/3/3536583_B-th.jpg']
Yoplait	Petit Miam Squeezie Fruit Salad Yoghurt Pouch	$ 1 .00	70g	$1.43 per 100G	"Disclaimer:
Product details, including nutritional information and country of origin, may change from time to time and so the product you receive in your order may not reflect the information on this page. Please check the packaging on any product you purchase and if it's not what you expected, feel free to return it for a full refund.
Details
Size:
70g
Code: 6569217P
6 5 6 9 2 1 7 P
Customers also purchased
Yoplait Petit Miam Squeezie Banana Yoghurt Pouch 70g
Yoplait Petit Miam Squeezie Banana Yoghurt Pouch
70g
$1.00
70g $1.43 per 100G
Unit Price
Add
1
for $1.00

Yoplait Petit Miam Vanilla Yoghurt Pouch 70g
Yoplait Petit Miam Vanilla Yoghurt Pouch
70g
$1.00
70g $1.43 per 100G
Unit Price
Add
1
for $1.00

Yoplait Petit Miam Mango Yoghurt Pouch 70g
Yoplait Petit Miam Mango Yoghurt Pouch
70g
$1.00
70g $1.43 per 100G
Unit Price
Add
1
for $1.00

Yoplait Petit Miam Yoghurt Vanilla Apple 70g
Yoplait Petit Miam Yoghurt Vanilla Apple
70g
$1.00
70g $1.43 per 100G
Unit Price
Add
1
for $1.00"	[]
Pauls	Kids Vanilla Yoghurt	$ 1 .20	70g	$1.71 per 100G	"Nutrition Facts
Serving size: 1 serving = 70g
Qty
Quantity
per serving Qty
Quantity
per 100g / 100ml %
Percentage
daily intake*
Energy 260kJ 372kJ
Not provided
Energy Cal 62Cal 89Cal
Not provided
Protein 2.7g 3.8g
Not provided
Total Fat 2.0g 2.9g
Not provided
Saturated Fat 1.3g 1.9g
Not provided
Carbohydrate 7.7g 11.0g
Not provided
Sugars 5.3g 7.6g
Not provided
Sodium 22mg 32mg
Not provided
Gluten Nil Nil
Not provided
Vitamin D 0.6ug (12% RDI*) 248mg
Not provided
Calcium 173mg (25% RDI*) 248mg
Not provided
*Percentage Daily Intake per serving. Percentage Daily Intakes are based on an average adult diet of 8700 kJ. Your daily intakes may be higher or lower depending on your energy needs.
Disclaimer:
Product details, including nutritional information and country of origin, may change from time to time and so the product you receive in your order may not reflect the information on this page. Please check the packaging on any product you purchase and if it's not what you expected, feel free to return it for a full refund.
Details
Ingredients:
Milk, Water, Sugar, Milk Solids, Thickener (1442), Maltodextrin (from Tapioca), Calcium Phosphate, Natural flavours, Stabiliser (440), Acidity regulators (330, 331), Live cultures (Including Bifidobacterium), Vitamin D.
Contains:
Milk
Allergen:
Contains Milk
Dietary:
No Preservatives
Servings Per Pack:
1.0
Storage Instructions:
Keep refrigerated at or below 4C.
Suitable for:
12+ months
Size:
70g
Warning:
Cap is not a toy and may present a choking hazard. Always supervise your child while eating.
Code: 3992764P
3 9 9 2 7 6 4 P
Customers also purchased
Pauls Kids Yoghurt Strawberry Red 70g
Pauls Kids Yoghurt Strawberry Red
70g
$1.20
70g $1.71 per 100G
Unit Price
Add
1
for $1.20

Pauls Kids Yoghurt Strawberry Pink 70g
Pauls Kids Yoghurt Strawberry Pink
70g
$1.20
70g $1.71 per 100G
Unit Price
Add
1
for $1.20

Pauls Kids Yoghurt Banana 70g
Pauls Kids Yoghurt Banana
70g
$1.20
70g $1.71 per 100G
Unit Price
Add
1
for $1.20

Pauls Kids Yoghurt Limited Edition 70g
Pauls Kids Yoghurt Limited Edition
70g
$1.20
70g $1.71 per 100G
Unit Price
Add
1
for $1.20"	['/wcsstore/Coles-CAS/images/3/9/9/3992764-th.jpg', '/wcsstore/Coles-CAS/images/3/9/9/3992764_L-th.jpg', '/wcsstore/Coles-CAS/images/3/9/9/3992764_R-th.jpg', '/wcsstore/Coles-CAS/images/3/9/9/3992764_B-th.jpg']
Chobani	Strawberry Yoghurt Pouch	$ 2 .50	140g	$1.79 per 100G	"Nutrition Facts
Serving size: 1 serving = 140g
Qty
Quantity
per serving Qty
Quantity
per 100g / 100ml %
Percentage
daily intake*
Energy 506kJ 362kJ
Not provided
Energy Cal 121Cal 86Cal
Not provided
Protein 11.0g 7.9g
Not provided
Total Fat 0.2g 0.2g
Not provided
Saturated Fat 0.1g 0.1g
Not provided
Carbohydrate 18.1g 12.9g
Not provided
Sugars 17.0g 12.2g
Not provided
Sodium 47mg 34mg
Not provided
Calcium 144mg 103mg
Not provided
*Percentage Daily Intake per serving. Percentage Daily Intakes are based on an average adult diet of 8700 kJ. Your daily intakes may be higher or lower depending on your energy needs.
Disclaimer:
Product details, including nutritional information and country of origin, may change from time to time and so the product you receive in your order may not reflect the information on this page. Please check the packaging on any product you purchase and if it's not what you expected, feel free to return it for a full refund.
Details
Ingredients:
Low Fat Yogurt (80%), Strawberry Blend (20%). Low Fat Yogurt (80%) [Skim Milk, Live Yogurt Cultures], Strawberry Blend (20%) [Sugar, Strawberry (30%), Water, Vegetable Gums (Fruit Pectin, Locust Bean Gum), Natural Flavours, Acidity Regulators (Sodium Citrate, Lactic Acid), Black Carrot and Blackcurrant Concentrate, Mineral Salt (Calcium Citrate)].
Contains:
Milk
Allergen:
Contains Milk
Dietary:
Source of Calcium, No Preservatives, No Artificial Flavours or Colours
Servings Per Pack:
1.0
Storage Instructions:
Keep refrigerated at or below 4C.
Size:
140g
Code: 1434684P
1 4 3 4 6 8 4 P
Customers also purchased
Chobani Blueberry Yoghurt Pouch 140g
Chobani Blueberry Yoghurt Pouch
140g
$2.50
140g $1.79 per 100G
Unit Price
Add
1
for $2.50

Chobani Raspberry Yoghurt Pouch 140g
Chobani Raspberry Yoghurt Pouch
140g
$2.50
140g $1.79 per 100G
Unit Price
Add
1
for $2.50

Chobani Vanilla Yoghurt Pouch 140g
Chobani Vanilla Yoghurt Pouch
140g
$2.50
140g $1.79 per 100G
Unit Price
Add
1
for $2.50

Chobani Mango Greek Yogurt Pouch 140g
Chobani Mango Greek Yogurt Pouch
140g
$2.50
140g $1.79 per 100G
Unit Price
Add
1
for $2.50"	['/wcsstore/Coles-CAS/images/1/4/3/1434684-th.jpg', '/wcsstore/Coles-CAS/images/1/4/3/1434684_B-th.jpg']
Jalna	Pouch Of Purity Organic Blueberry Yoghurt	$ 1 .95	100g	$1.95 per 100G	"Nutrition Facts
Serving size: 1 serving = 100g
Qty
Quantity
per serving Qty
Quantity
per 100g / 100ml %
Percentage
daily intake*
Energy 369kJ 369kJ
Not provided
Protein 4g 4g
Not provided
Total Fat 5g 5g
Not provided
Saturated Fat 3.4g 3.4g
Not provided
Carbohydrate 6.8g 6.8g
Not provided
Sugars 5.1g 5.1g
Not provided
Sodium 43mg 43mg
Not provided
Gluten Undetected Undetected
Not provided
Calcium 156mg 156mg 22%
*Percentage Daily Intake per serving. Percentage Daily Intakes are based on an average adult diet of 8700 kJ. Your daily intakes may be higher or lower depending on your energy needs.
Disclaimer:
Product details, including nutritional information and country of origin, may change from time to time and so the product you receive in your order may not reflect the information on this page. Please check the packaging on any product you purchase and if it's not what you expected, feel free to return it for a full refund.
Details
Ingredients:
Pasteurised Organic Whole Milk, Non-Organic Milk Solids ( 1 Billion Probiotic Count Per 100g
Allergen:
Free From Gluten, Contains Milk
Environmental:
Australian Made and Owned, Recyclable
Dietary:
No Added Sugars, No Preservatives, No Artificial Flavours or Colours
Servings Per Pack:
1.0
Storage Instructions:
Keep Refrigerated. Ready to Eat
Dimensions:
165 x 77 x 40mm
Usage Instructions:
Servings Per Pack: 1, Serving Size: 100g
Warning:
WARNING CHOKING HAZARD: KEEP CAP OUT OF REACH OF INFANTS AND CHILDREN UNDER THE AGE OF 3.
Code: 3536561P
3 5 3 6 5 6 1 P
Customers also purchased
Jalna Pouch Of Purity Organic Strawberry Yoghurt 100g
Jalna Pouch Of Purity Organic Strawberry Yoghurt
100g
$1.95
100g $1.95 per 100G
Unit Price
Add
1
for $1.95

Jalna Pouch Of Purity Organic Vanilla Yoghurt 100g
Jalna Pouch Of Purity Organic Vanilla Yoghurt
100g
$1.95
100g $1.95 per 100G
Unit Price
Add
1
for $1.95

Jalna Farm To Pot Organic Yoghurt Greek 1kg on special
Jalna Farm To Pot Organic Yoghurt Greek
1kg on special
$7.00
save
$1.80
1kg $0.70 per 100G
Unit Price
Add
1
for $7.00"	['/wcsstore/Coles-CAS/images/3/5/3/3536561-th.jpg', '/wcsstore/Coles-CAS/images/3/5/3/3536561_B-th.jpg']
Yoplait	Petit Miam Yoghurt Vanilla Apple	$ 1 .00	70g	$1.43 per 100G	"Disclaimer:
Product details, including nutritional information and country of origin, may change from time to time and so the product you receive in your order may not reflect the information on this page. Please check the packaging on any product you purchase and if it's not what you expected, feel free to return it for a full refund.
Details
Contains:
Milk, Cream.
Storage Instructions:
Keep refrigerated below 4C.
Suitable for:
Halal
Usage Instructions:
Give me a shake. Single serve, consume once opened. Serve chilled.
Size:
70g
Code: 3830875P
3 8 3 0 8 7 5 P
Customers also purchased
Yoplait Petit Miam Squeezie Fruit Salad Yoghurt Pouch 70g
Yoplait Petit Miam Squeezie Fruit Salad Yoghurt Pouch
70g
$1.00
70g $1.43 per 100G
Unit Price
Add
1
for $1.00

Yoplait Petit Miam Squeezie Banana Yoghurt Pouch 70g
Yoplait Petit Miam Squeezie Banana Yoghurt Pouch
70g
$1.00
70g $1.43 per 100G
Unit Price
Add
1
for $1.00

Yoplait Petit Miam Vanilla Yoghurt Pouch 70g
Yoplait Petit Miam Vanilla Yoghurt Pouch
70g
$1.00
70g $1.43 per 100G
Unit Price
Add
1
for $1.00

Yoplait Petit Miam Strawberry & Banana 70g
Yoplait Petit Miam Strawberry & Banana
70g
$1.00
70g $1.43 per 100G
Unit Price
Add
1
for $1.00"	['/wcsstore/Coles-CAS/images/3/8/3/3830875-th.jpg', '/wcsstore/Coles-CAS/images/3/8/3/3830875_R-th.jpg', '/wcsstore/Coles-CAS/images/3/8/3/3830875_B-th.jpg']
Jalna	Pouch Of Purity Organic Vanilla Yoghurt	$ 1 .95	100g	$1.95 per 100G	"Nutrition Facts
Serving size: 1 serving = 100g
Qty
Quantity
per serving Qty
Quantity
per 100g / 100ml %
Percentage
daily intake*
Energy 372kJ 372kJ
Not provided
Protein 4.5g 4.5g
Not provided
Total Fat 5.4g 5.4g
Not provided
Saturated Fat 3.9g 3.9g
Not provided
Carbohydrate 5.3g 5.3g
Not provided
Sugars 2.9g 2.9g
Not provided
Sodium 49mg 49mg
Not provided
Gluten Undetected Undetected
Not provided
Calcium 162mg 162mg 23%
*Percentage Daily Intake per serving. Percentage Daily Intakes are based on an average adult diet of 8700 kJ. Your daily intakes may be higher or lower depending on your energy needs.
Disclaimer:
Product details, including nutritional information and country of origin, may change from time to time and so the product you receive in your order may not reflect the information on this page. Please check the packaging on any product you purchase and if it's not what you expected, feel free to return it for a full refund.
Details
Ingredients:
Pasteurised Organic Whole Milk, Non-Organic Milk Solids ( 1 Billion Probiotic Count Per 100g
Allergen:
Free From Gluten, Contains Milk
Environmental:
Australian Made and Owned, Recyclable
Dietary:
No Added Sugars, No Preservatives, No Artificial Flavours or Colours
Servings Per Pack:
1.0
Storage Instructions:
Keep Refrigerated. Ready to Eat
Dimensions:
165 x 77 x 40mm
Usage Instructions:
Servings Per Pack: 1, Serving Size: 100g
Warning:
WARNING CHOKING HAZARD: KEEP CAP OUT OF REACH OF INFANTS AND CHILDREN UNDER THE AGE OF 3.
Code: 3536572P
3 5 3 6 5 7 2 P"	['/wcsstore/Coles-CAS/images/3/5/3/3536572-th.jpg', '/wcsstore/Coles-CAS/images/3/5/3/3536572_B-th.jpg']
Pauls	Kids Yoghurt Strawberry Pink	$ 1 .20	70g	$1.71 per 100G	"Nutrition Facts
Serving size: 1 serving = 70g
Qty
Quantity
per serving Qty
Quantity
per 100g / 100ml %
Percentage
daily intake*
Energy 262kJ 373kJ
Not provided
Energy Cal 63Cal 89Cal
Not provided
Protein 2.8g 4.0g
Not provided
Total Fat 2.1g 3.0g
Not provided
Saturated Fat 1.3g 1.9g
Not provided
Carbohydrate 7.4g 10.5g
Not provided
Sugars 5.5g 7.8g
Not provided
Sodium 22mg 32mg
Not provided
Gluten Nil Nil
Not provided
Vitamin D 0.6ug (12% RDI*) 0.9ug
Not provided
Calcium 173mg(25% RDI*) 247mg
Not provided
*Percentage Daily Intake per serving. Percentage Daily Intakes are based on an average adult diet of 8700 kJ. Your daily intakes may be higher or lower depending on your energy needs.
Disclaimer:
Product details, including nutritional information and country of origin, may change from time to time and so the product you receive in your order may not reflect the information on this page. Please check the packaging on any product you purchase and if it's not what you expected, feel free to return it for a full refund.
Details
Ingredients:
Milk, Sugar, Strawberry Pulp (5.6%), Milk Solids, Thickener (1442), Maltodextrin (from Tapioca), Calcium Phosphate, Reconstituted Elderberry Juice, Stabiliser (440, 410), Natural flavours, Acidity regulators (330, 331, 509), Live cultures (Including Bifidobacterium), Vitamin D.
Contains:
Active Cultures and Milk.
Allergen:
Contains Milk
Dietary:
No Preservatives, No Artificial Flavours or Colours
Servings Per Pack:
1.0
Storage Instructions:
Keep refrigerated at or below 4C.
Suitable for:
12+ months.
Size:
70g
Warning:
Cap is not a toy and may present a choking hazard. Always supervise your child while eating.
Code: 3992775P
3 9 9 2 7 7 5 P
Customers also purchased
Pauls Kids Vanilla Yoghurt 70g
Pauls Kids Vanilla Yoghurt
70g
$1.20
70g $1.71 per 100G
Unit Price
Add
1
for $1.20

Pauls Kids Yoghurt Strawberry Red 70g
Pauls Kids Yoghurt Strawberry Red
70g
$1.20
70g $1.71 per 100G
Unit Price
Add
1
for $1.20

Pauls Kids Yoghurt Banana 70g
Pauls Kids Yoghurt Banana
70g
$1.20
70g $1.71 per 100G
Unit Price
Add
1
for $1.20

Pauls Kids Yoghurt Limited Edition 70g
Pauls Kids Yoghurt Limited Edition
70g
$1.20
70g $1.71 per 100G
Unit Price
Add
1
for $1.20"	['/wcsstore/Coles-CAS/images/3/9/9/3992775-th.jpg', '/wcsstore/Coles-CAS/images/3/9/9/3992775_B-th.jpg']
Farmers Union	Yoghurt Peach 130g	$ 2 .00	130g	$1.54 per 100G	"Nutrition Facts
Serving size: 1 serving = 130g
Qty
Quantity
per serving Qty
Quantity
per 100g / 100ml %
Percentage
daily intake*
Energy 485kJ 373kJ
Not provided
Energy Cal 116Cal 89Cal
Not provided
Protein 6.4g 4.9g
Not provided
Total Fat 3.8g 2.9g
Not provided
Saturated Fat 2.5g 1.9g
Not provided
Carbohydrate 13.8g 10.6g
Not provided
Sugars 13.2g 10.1
Not provided
Dietary Fibre Total 0.1g 0.1g
Not provided
Sodium 64mg 49mg
Not provided
Gluten 0mg 0mg
Not provided
Calcium 226mg 174mg 28% RDI*
*Percentage Daily Intake per serving. Percentage Daily Intakes are based on an average adult diet of 8700 kJ. Your daily intakes may be higher or lower depending on your energy needs.
Disclaimer:
Product details, including nutritional information and country of origin, may change from time to time and so the product you receive in your order may not reflect the information on this page. Please check the packaging on any product you purchase and if it's not what you expected, feel free to return it for a full refund.
Details
Ingredients:
Milk, Milk Solids, Peach (5%), Water, Sugar, Cream (Milk), Thickener (Modified Starch), Natural Flavours, Natural Colour (Carotene), Lemon Juice Concentrate, Probiotic Cultures (Milk): B. lactis (BB-12), Yoghurt Cultures (Milk): S. Thermophilus, L. Bulgaricus
Contains:
Milk (Cream).
Allergen:
Contains Milk
Servings Per Pack:
1.0
Storage Instructions:
Keep refrigerated below 4C.
Usage Instructions:
Enjoy as a snack on its own or squeeze onto fruit.
Size:
130g
Code: 3830911P
3 8 3 0 9 1 1 P
Customers also purchased
Farmers Union Greek Style Yoghurt 130g
Farmers Union Greek Style Yoghurt
130g
$2.00
130g $1.54 per 100G
Unit Price
Add
1
for $2.00

Farmers Union Greek Style Vanilla Bean Yoghurt 130g
Farmers Union Greek Style Vanilla Bean Yoghurt
130g
$2.00
130g $1.54 per 100G
Unit Price
Add
1
for $2.00

Farmers Union Greek Style Mango Yoghurt Pouch 130g
Farmers Union Greek Style Mango Yoghurt Pouch
130g
$2.00
130g $1.54 per 100G
Unit Price
Add
1
for $2.00

Farmers Union Greek Style Passionfruit Yoghurt Pouch 130g
Farmers Union Greek Style Passionfruit Yoghurt Pouch
130g
$2.00
130g $1.54 per 100G
Unit Price
Add
1
for $2.00"	['/wcsstore/Coles-CAS/images/3/8/3/3830911-th.jpg', '/wcsstore/Coles-CAS/images/3/8/3/3830911_B-th.jpg']
Vaalia	Kids Tropical Yoghurt Pouch	$ 2 .20	140g	$1.57 per 100G	"Nutrition Facts
Serving size: 1 serving = 140g
Qty
Quantity
per serving Qty
Quantity
per 100g / 100ml %
Percentage
daily intake*
Energy 519kJ 371kJ
Not provided
Energy Cal 124Cal 88Cal
Not provided
Protein 6.3g 4.5g
Not provided
Total Fat 3.5g 2.5g
Not provided
Saturated Fat 2.4g 1.7g
Not provided
Carbohydrate 16.8g 12.0g
Not provided
Sugars 12.7g 9.1g
Not provided
Sodium 69mg 49mg
Not provided
Gluten NIL NIL
Not provided
Vitamin B12 0.29ug 0.21ug 14% RDI*
*Percentage Daily Intake per serving. Percentage Daily Intakes are based on an average adult diet of 8700 kJ. Your daily intakes may be higher or lower depending on your energy needs.
Disclaimer:
Product details, including nutritional information and country of origin, may change from time to time and so the product you receive in your order may not reflect the information on this page. Please check the packaging on any product you purchase and if it's not what you expected, feel free to return it for a full refund.
Details
Ingredients:
Whole Milk, skim milk, water, sugar, milk solids, pineapple juice reconstituted (1.4%), mango puree reconstituted (1.4%), rice starch, orange juice reconstituted (0.4%), gelatin, natural flavours, acidity regulators (331, 330), live yoghurt cultures (incl. L. acidophilus, Bifidobacterium, Lactobacillus GG).
Contains:
Milk
Allergen:
Contains Milk
Dietary:
No Preservatives
Servings Per Pack:
1.0
Storage Instructions:
To enjoy Vaalia at its best, please keep refrigerated between 1C- 5C.
Usage Instructions:
Ready to consume. Discard uneaten portion once opened.
Size:
140g
Warning:
Cap is not a toy and may present a choking hazard. Always supervise your child while eating.
Code: 7246870P
7 2 4 6 8 7 0 P
Customers also purchased
Vaalia Probiotics Banana Kids Yoghurt Pouch 140g
Vaalia Probiotics Banana Kids Yoghurt Pouch
140g
$2.20
140g $1.57 per 100G
Unit Price
Add
1
for $2.20

Vaalia Kids Strawberry Yoghurt Pouch 140g
Vaalia Kids Strawberry Yoghurt Pouch
140g
$2.20
140g $1.57 per 100G
Unit Price
Add
1
for $2.20

Vaalia Kids Pouch Yoghurt Blueberry 140g
Vaalia Kids Pouch Yoghurt Blueberry
140g
$2.20
140g $1.57 per 100G
Unit Price
Add
1
for $2.20

Vaalia Kids Yoghurt Pouch Limited Edition 140g
Vaalia Kids Yoghurt Pouch Limited Edition
140g
$2.20
140g $1.57 per 100G
Unit Price
Add
1
for $2.20"	['/wcsstore/Coles-CAS/images/7/2/4/7246870-th.jpg', '/wcsstore/Coles-CAS/images/7/2/4/7246870_B-th.jpg']
Vaalia	Probiotics Banana Kids Yoghurt Pouch	$ 2 .20	140g	$1.57 per 100G	"Nutrition Facts
Serving size: 1 serving = 140g
Qty
Quantity
per serving Qty
Quantity
per 100g / 100ml %
Percentage
daily intake*
Energy 532kJ 380kJ
Not provided
Energy Cal 127Cal 91Cal
Not provided
Protein 6.6g 4.7g
Not provided
Total Fat 3.5g 2.5g
Not provided
Saturated Fat 2.5g 1.8g
Not provided
Carbohydrate 17.1g 12.2g
Not provided
Sugars 13.3g 9.5g
Not provided
Sodium 67mg 48mg
Not provided
Gluten NIL NIL
Not provided
*Percentage Daily Intake per serving. Percentage Daily Intakes are based on an average adult diet of 8700 kJ. Your daily intakes may be higher or lower depending on your energy needs.
Disclaimer:
Product details, including nutritional information and country of origin, may change from time to time and so the product you receive in your order may not reflect the information on this page. Please check the packaging on any product you purchase and if it's not what you expected, feel free to return it for a full refund.
Details
Ingredients:
Whole Milk, skim milk, banana puree (5.5%), sugar, milk solids, rice starch, gelatin, natural flavours, acidity regulators (330, 300), stabilisers (415), natural colour (160a), live yoghurt cultures (incl. L. acidophilus, Bifidobacterium, Lactobacillus GG).
Contains:
Milk
Allergen:
Contains Milk
Dietary:
No Preservatives
Servings Per Pack:
1.0
Storage Instructions:
To enjoy Vaalia at its best, please keep refrigerated between 1C- 5C.
Usage Instructions:
Ready to consume. Discard uneaten portion once opened.
Size:
140g
Warning:
Cap is not a toy and may present a choking hazard. Always supervise your child while eating.
Code: 8704346P
8 7 0 4 3 4 6 P
Customers also purchased
Vaalia Kids Strawberry Yoghurt Pouch 140g
Vaalia Kids Strawberry Yoghurt Pouch
140g
$2.20
140g $1.57 per 100G
Unit Price
Add
1
for $2.20

Vaalia Kids Tropical Yoghurt Pouch 140g
Vaalia Kids Tropical Yoghurt Pouch
140g
$2.20
140g $1.57 per 100G
Unit Price
Add
1
for $2.20

Vaalia Kids Pouch Yoghurt Blueberry 140g
Vaalia Kids Pouch Yoghurt Blueberry
140g
$2.20
140g $1.57 per 100G
Unit Price
Add
1
for $2.20

Vaalia Kids Yoghurt Pouch Limited Edition 140g
Vaalia Kids Yoghurt Pouch Limited Edition
140g
$2.20
140g $1.57 per 100G
Unit Price
Add
1
for $2.20"	['/wcsstore/Coles-CAS/images/8/7/0/8704346-th.jpg', '/wcsstore/Coles-CAS/images/8/7/0/8704346_B-th.jpg']
Chobani	Blueberry Yoghurt Pouch	$ 2 .50	140g	$1.79 per 100G	"Nutrition Facts
Serving size: 1 serving = 140g
Qty
Quantity
per serving Qty
Quantity
per 100g / 100ml %
Percentage
daily intake*
Energy 512kJ 365kJ
Not provided
Energy Cal 122Cal 87Cal
Not provided
Protein 10.9g 7.8g
Not provided
Total Fat 0.2g 0.2g
Not provided
Saturated Fat 0.1g 0.1g
Not provided
Carbohydrate 18.5g 13.2g
Not provided
Sugars 17.2g 12.3g
Not provided
Sodium 53mg 38mg
Not provided
Calcium 142mg 101mg
Not provided
*Percentage Daily Intake per serving. Percentage Daily Intakes are based on an average adult diet of 8700 kJ. Your daily intakes may be higher or lower depending on your energy needs.
Disclaimer:
Product details, including nutritional information and country of origin, may change from time to time and so the product you receive in your order may not reflect the information on this page. Please check the packaging on any product you purchase and if it's not what you expected, feel free to return it for a full refund.
Details
Ingredients:
Low Fat Yogurt (80%), Blueberry Blend (20%). Low Fat Yogurt (80%) [Skim Milk, Live Yogurt Cultures], Blueberry Blend (20%) [Sugar, Blueberry Puree (30%), Water, Vegetable Gums (Fruit Pectin, Locust Bean Gum), Natural Flavours, Acidity Regulators (Sodium Citrate, Lactic Acid), Mineral Salt (Calcium Citrate), Purple Carrot Concentrate].
Contains:
Milk
Allergen:
Contains Milk
Dietary:
Source of Calcium, No Preservatives, No Artificial Flavours or Colours
Servings Per Pack:
1.0
Storage Instructions:
Keep refrigerated at or below 4C.
Size:
140g
Code: 1434720P
1 4 3 4 7 2 0 P
Customers also purchased
Chobani Strawberry Yoghurt Pouch 140g
Chobani Strawberry Yoghurt Pouch
140g
$2.50
140g $1.79 per 100G
Unit Price
Add
1
for $2.50

Chobani Raspberry Yoghurt Pouch 140g
Chobani Raspberry Yoghurt Pouch
140g
$2.50
140g $1.79 per 100G
Unit Price
Add
1
for $2.50

Chobani Vanilla Yoghurt Pouch 140g
Chobani Vanilla Yoghurt Pouch
140g
$2.50
140g $1.79 per 100G
Unit Price
Add
1
for $2.50

Chobani Mango Greek Yogurt Pouch 140g
Chobani Mango Greek Yogurt Pouch
140g
$2.50
140g $1.79 per 100G
Unit Price
Add
1
for $2.50"	['/wcsstore/Coles-CAS/images/1/4/3/1434720-th.jpg', '/wcsstore/Coles-CAS/images/1/4/3/1434720_B-th.jpg']
Chobani	Raspberry Yoghurt Pouch	$ 2 .50	140g	$1.79 per 100G	"Nutrition Facts
Serving size: 1 serving = 140g
Qty
Quantity
per serving Qty
Quantity
per 100g / 100ml %
Percentage
daily intake*
Energy 485kJ 346kJ
Not provided
Energy Cal 116Cal 83Cal
Not provided
Protein 11.6g 8.3g
Not provided
Total Fat 0.3g 0.2g
Not provided
Saturated Fat 0.1g 0.1g
Not provided
Carbohydrate 16.1g 11.5g
Not provided
Sugars 15.0g 10.7g
Not provided
Sodium 47mg 33mg
Not provided
Calcium 150mg 107mg
Not provided
*Percentage Daily Intake per serving. Percentage Daily Intakes are based on an average adult diet of 8700 kJ. Your daily intakes may be higher or lower depending on your energy needs.
Disclaimer:
Product details, including nutritional information and country of origin, may change from time to time and so the product you receive in your order may not reflect the information on this page. Please check the packaging on any product you purchase and if it's not what you expected, feel free to return it for a full refund.
Details
Ingredients:
Low Fat Yogurt (85%), Raspberry Blend (15%). Low Fat Yogurt (85%) [Skim Milk, Live Yogurt Cultures], Raspberry Blend (15%) [Sugar, Raspberry (27%), Water, Vegetable Gums (Fruit Pectin, Locust Bean Gum), Natural Flavours, Acidity Regulator (Citric Acid, Sodium Citrate), Mineral Salt (Calcium Citrate), Purple Carrot Concentrate].
Contains:
Milk
Allergen:
Contains Milk
Dietary:
Source of Calcium, No Preservatives, No Artificial Flavours or Colours
Servings Per Pack:
1.0
Storage Instructions:
Keep refrigerated at or below 4C.
Size:
140g
Code: 1872885P
1 8 7 2 8 8 5 P
Customers also purchased
Chobani Blueberry Yoghurt Pouch 140g
Chobani Blueberry Yoghurt Pouch
140g
$2.50
140g $1.79 per 100G
Unit Price
Add
1
for $2.50

Chobani Strawberry Yoghurt Pouch 140g
Chobani Strawberry Yoghurt Pouch
140g
$2.50
140g $1.79 per 100G
Unit Price
Add
1
for $2.50

Chobani Vanilla Yoghurt Pouch 140g
Chobani Vanilla Yoghurt Pouch
140g
$2.50
140g $1.79 per 100G
Unit Price
Add
1
for $2.50

Chobani Mango Greek Yogurt Pouch 140g
Chobani Mango Greek Yogurt Pouch
140g
$2.50
140g $1.79 per 100G
Unit Price
Add
1
for $2.50"	['/wcsstore/Coles-CAS/images/1/8/7/1872885-th.jpg', '/wcsstore/Coles-CAS/images/1/8/7/1872885_B-th.jpg']
Vaalia	Kids Pouch Yoghurt Blueberry	$ 2 .20	140g	$1.57 per 100G	"Nutrition Facts
Serving size: 1 serving = 140g
Qty
Quantity
per serving Qty
Quantity
per 100g / 100ml %
Percentage
daily intake*
Energy 559kJ 399kJ
Not provided
Energy Cal 134Cal 95Cal
Not provided
Protein 6.6g 4.7g
Not provided
Total Fat 3.6g 2.6g
Not provided
Saturated Fat 2.4g 1.7g
Not provided
Carbohydrate 18.3g 13.1g
Not provided
Sugars 14.1g 10.1g
Not provided
Sodium 81mg 58mg
Not provided
Gluten NIL NIL
Not provided
Vitamin B12 0.43ug 0.31ug 21% RDI*
Calcium 227mg 162mg 28% RDI*
*Percentage Daily Intake per serving. Percentage Daily Intakes are based on an average adult diet of 8700 kJ. Your daily intakes may be higher or lower depending on your energy needs.
Disclaimer:
Product details, including nutritional information and country of origin, may change from time to time and so the product you receive in your order may not reflect the information on this page. Please check the packaging on any product you purchase and if it's not what you expected, feel free to return it for a full refund.
Details
Ingredients:
Whole Milk, skim milk, sugar, milk solids, blueberry puree (2.5%), rice starch, gelatin, natural flavours, acidity regulators (331, 330), live yoghurt cultures (incl. L. acidophilus, Bifidobacterium, Lactobacillus GG).
Contains:
Milk
Allergen:
Contains Milk
Dietary:
No Preservatives
Servings Per Pack:
1.0
Storage Instructions:
To enjoy Vaalia at its best, please keep refrigerated between 1C- 5C.
Usage Instructions:
Ready to consume. Discard uneaten portion once opened.
Size:
140g
Warning:
Cap is not a toy and may present a choking hazard. Always supervise your child while eating.
Code: 3537881P
3 5 3 7 8 8 1 P
Customers also purchased
Vaalia Probiotics Banana Kids Yoghurt Pouch 140g
Vaalia Probiotics Banana Kids Yoghurt Pouch
140g
$2.20
140g $1.57 per 100G
Unit Price
Add
1
for $2.20

Vaalia Kids Strawberry Yoghurt Pouch 140g
Vaalia Kids Strawberry Yoghurt Pouch
140g
$2.20
140g $1.57 per 100G
Unit Price
Add
1
for $2.20

Vaalia Kids Tropical Yoghurt Pouch 140g
Vaalia Kids Tropical Yoghurt Pouch
140g
$2.20
140g $1.57 per 100G
Unit Price
Add
1
for $2.20

Vaalia Kids Yoghurt Pouch Limited Edition 140g
Vaalia Kids Yoghurt Pouch Limited Edition
140g
$2.20
140g $1.57 per 100G
Unit Price
Add
1
for $2.20"	['/wcsstore/Coles-CAS/images/3/5/3/3537881-th.jpg', '/wcsstore/Coles-CAS/images/3/5/3/3537881_B-th.jpg']
Vaalia	Kids Lactose Free Strawberry Yoghurt	$ 2 .20	140g	$1.57 per 100G	"Nutrition Facts
Serving size: 1 serving = 140g
Qty
Quantity
per serving Qty
Quantity
per 100g / 100ml %
Percentage
daily intake*
Energy 517kJ 369kJ
Not provided
Energy Cal 124Cal 88Cal
Not provided
Protein 6.3g 4.5g
Not provided
Total Fat 3.4g 2.4g
Not provided
Saturated Fat 2.4g 1.7g
Not provided
Carbohydrate 16.5g 11.8g
Not provided
Sugars 12.6g 9.0g
Not provided
Dietary Fibre Total 0.7g 0.5g
Not provided
Sodium 78mg 56mg
Not provided
Galactose 3.0g 3.0g
Not provided
Gluten NIL NIL
Not provided
Lactose NIL NIL
Not provided
Vitamin B12 0.25ug 0.18ug 13% RDI*
Calcium 216mg 154mg 27% RDI*
*Percentage Daily Intake per serving. Percentage Daily Intakes are based on an average adult diet of 8700 kJ. Your daily intakes may be higher or lower depending on your energy needs.
Disclaimer:
Product details, including nutritional information and country of origin, may change from time to time and so the product you receive in your order may not reflect the information on this page. Please check the packaging on any product you purchase and if it's not what you expected, feel free to return it for a full refund.
Details
Ingredients:
Whole Milk, skim milk, sugar, milk solids, strawberry pulp (3.5%), rice starch, gelatin, natural flavours, acidity regulators (331, 330), enzyme (lactase), live yoghurt cultures (incl. L. acidophilus, Bifidobacterium, Lactobacillus GG).
Contains:
Milk
Allergen:
Contains Milk
Dietary:
No Preservatives
Servings Per Pack:
1.0
Storage Instructions:
To enjoy Vaalia at its best, please keep refrigerated between 1C- 5C.
Usage Instructions:
Ready to consume. Discard uneaten portion once opened.
Size:
140g
Warning:
Cap is not a toy and may present a choking hazard. Always supervise your child while eating.
Code: 1495259P
1 4 9 5 2 5 9 P
Customers also purchased
Vaalia Probiotics Banana Kids Yoghurt Pouch 140g
Vaalia Probiotics Banana Kids Yoghurt Pouch
140g
$2.20
140g $1.57 per 100G
Unit Price
Add
1
for $2.20

Vaalia Kids Tropical Yoghurt Pouch 140g
Vaalia Kids Tropical Yoghurt Pouch
140g
$2.20
140g $1.57 per 100G
Unit Price
Add
1
for $2.20

Vaalia Kids Lactose Free Vanilla Yoghurt Pouch 140g
Vaalia Kids Lactose Free Vanilla Yoghurt Pouch
140g
$2.20
140g $1.57 per 100G
Unit Price
Add
1
for $2.20

Vaalia Kids Pouch Yoghurt Blueberry 140g
Vaalia Kids Pouch Yoghurt Blueberry
140g
$2.20
140g $1.57 per 100G
Unit Price
Add
1
for $2.20"	['/wcsstore/Coles-CAS/images/1/4/9/1495259-th.jpg', '/wcsstore/Coles-CAS/images/1/4/9/1495259_R-th.jpg']
Farmers Union	Greek Style Yoghurt	$ 2 .00	130g	$1.54 per 100G	"Nutrition Facts
Serving size: 1 serving = 130g
Qty
Quantity
per serving Qty
Quantity
per 100g / 100ml %
Percentage
daily intake*
Energy 426kJ 328kJ
Not provided
Energy Cal 101Cal 78Cal
Not provided
Protein 7.2g 5.5g
Not provided
Total Fat 4.3g 3.3g
Not provided
Saturated Fat 2.8g 2.1g
Not provided
Carbohydrate 8.6g 6.6g
Not provided
Sugars 8.6g 6.6g
Not provided
Sodium 72mg 55mg
Not provided
Gluten 0 0
Not provided
Calcium 255mg 196mg 32% RDI
*Percentage Daily Intake per serving. Percentage Daily Intakes are based on an average adult diet of 8700 kJ. Your daily intakes may be higher or lower depending on your energy needs.
Disclaimer:
Product details, including nutritional information and country of origin, may change from time to time and so the product you receive in your order may not reflect the information on this page. Please check the packaging on any product you purchase and if it's not what you expected, feel free to return it for a full refund.
Details
Ingredients:
Milk, Milk Solids, Cream (Milk), Probiotic Cultures (Milk): B. lactis (BB-12), Yoghurt Cultures (Milk): S. Thermophilus, L. Bulgaricus
Contains:
Milk
Allergen:
Contains Milk, May Be Present Dairy
Dietary:
No Added Sugars
Servings Per Pack:
1.0
Storage Instructions:
Refrigerate below 4C
Usage Instructions:
Blend into a smoothie, squeeze onto your meal to add creaminess or enjoy on its own!
Size:
130g
Code: 3087071P
3 0 8 7 0 7 1 P
Customers also purchased
Farmers Union Greek Style Mango Yoghurt Pouch 130g
Farmers Union Greek Style Mango Yoghurt Pouch
130g
$2.00
130g $1.54 per 100G
Unit Price
Add
1
for $2.00

Farmers Union Greek Style Strawberry Yoghurt Pouch 130g
Farmers Union Greek Style Strawberry Yoghurt Pouch
130g
$2.00
130g $1.54 per 100G
Unit Price
Add
1
for $2.00

Farmers Union Greek Style Passionfruit Yoghurt Pouch 130g
Farmers Union Greek Style Passionfruit Yoghurt Pouch
130g
$2.00
130g $1.54 per 100G
Unit Price
Add
1
for $2.00

Farmers Union Yoghurt Peach 130g 130g
Farmers Union Yoghurt Peach 130g
130g
$2.00
130g $1.54 per 100G
Unit Price
Add
1
for $2.00"	['/wcsstore/Coles-CAS/images/3/0/8/3087071-th.jpg', '/wcsstore/Coles-CAS/images/3/0/8/3087071_B-th.jpg']
Pauls	Kids Yoghurt Strawberry Red	$ 1 .20	70g	$1.71 per 100G	"Nutrition Facts
Serving size: 1 serving = 70g
Qty
Quantity
per serving Qty
Quantity
per 100g / 100ml %
Percentage
daily intake*
Energy 262kJ 373kJ
Not provided
Energy Cal 63Cal 89Cal
Not provided
Protein 2.8g 4.0g
Not provided
Total Fat 2.1g 3.0g
Not provided
Saturated Fat 1.3g 1.9g
Not provided
Carbohydrate 7.4g 10.5g
Not provided
Sugars 5.5g 7.8g
Not provided
Sodium 22mg 32mg
Not provided
Gluten Nil Nil
Not provided
Vitamin D 0.6ug (12% RDI*) 0.9ug
Not provided
Calcium 173mg(25% RDI*) 247mg
Not provided
*Percentage Daily Intake per serving. Percentage Daily Intakes are based on an average adult diet of 8700 kJ. Your daily intakes may be higher or lower depending on your energy needs.
Disclaimer:
Product details, including nutritional information and country of origin, may change from time to time and so the product you receive in your order may not reflect the information on this page. Please check the packaging on any product you purchase and if it's not what you expected, feel free to return it for a full refund.
Details
Ingredients:
Milk, Sugar, Strawberry Pulp (5.6%), Milk Solids, Thickener (1442), Maltodextrin (from Tapioca), Calcium Phosphate, Reconstituted Elderberry Juice, Stabiliser (440, 410), Natural flavours, Acidity regulators (330, 331, 509), Live cultures (Including Bifidobacterium), Vitamin D.
Contains:
Active Cultures and Milk.
Allergen:
Contains Milk
Dietary:
No Preservatives, No Artificial Flavours or Colours
Servings Per Pack:
1.0
Storage Instructions:
Keep refrigerated at or below 4C.
Suitable for:
12+ months.
Size:
70g
Warning:
Cap is not a toy and may present a choking hazard. Always supervise your child while eating.
Code: 3992786P
3 9 9 2 7 8 6 P
Customers also purchased
Pauls Kids Vanilla Yoghurt 70g
Pauls Kids Vanilla Yoghurt
70g
$1.20
70g $1.71 per 100G
Unit Price
Add
1
for $1.20

Pauls Kids Yoghurt Strawberry Pink 70g
Pauls Kids Yoghurt Strawberry Pink
70g
$1.20
70g $1.71 per 100G
Unit Price
Add
1
for $1.20

Pauls Kids Yoghurt Banana 70g
Pauls Kids Yoghurt Banana
70g
$1.20
70g $1.71 per 100G
Unit Price
Add
1
for $1.20

Pauls Kids Yoghurt Limited Edition 70g
Pauls Kids Yoghurt Limited Edition
70g
$1.20
70g $1.71 per 100G
Unit Price
Add
1
for $1.20"	['/wcsstore/Coles-CAS/images/3/9/9/3992786-th.jpg', '/wcsstore/Coles-CAS/images/3/9/9/3992786_B-th.jpg']
Vaalia	Kids Lactose Free Vanilla Yoghurt Pouch	$ 2 .20	140g	$1.57 per 100G	"Nutrition Facts
Serving size: 1 serving = 140g
Qty
Quantity
per serving Qty
Quantity
per 100g / 100ml %
Percentage
daily intake*
Energy 529kJ 378kJ
Not provided
Energy Cal 127Cal 378kJ
Not provided
Protein 6.4g 4.6g
Not provided
Total Fat 3.5g 2.5g
Not provided
Saturated Fat 2.4g 1.7g
Not provided
Carbohydrate 17.2g 12.3g
Not provided
Sugars 13.2g 9.4g
Not provided
Dietary Fibre Total 0.0g 0.0g
Not provided
Sodium 77mg 55mg
Not provided
Galactose 4.2g 3.0g
Not provided
Gluten NIL NIL
Not provided
Lactose NIL NIL
Not provided
Vitamin B12 0.27ug 0.19ug 13% RDI*
Calcium 218mg 156mg 27% RDI*
*Percentage Daily Intake per serving. Percentage Daily Intakes are based on an average adult diet of 8700 kJ. Your daily intakes may be higher or lower depending on your energy needs.
Disclaimer:
Product details, including nutritional information and country of origin, may change from time to time and so the product you receive in your order may not reflect the information on this page. Please check the packaging on any product you purchase and if it's not what you expected, feel free to return it for a full refund.
Details
Ingredients:
Whole Milk, skim milk, water, sugar, milk solids, rice starch, gelatin, natural flavours, acidity regulators (330, 331), enzyme (lactase), live yoghurt (incl. L. acidophilus, Bifidobacterium, Lactobacillus GG).
Contains:
Milk
Allergen:
Contains Milk
Dietary:
No Preservatives
Servings Per Pack:
1.0
Storage Instructions:
To enjoy Vaalia at its best, please keep refrigerated between 1C- 5C.
Usage Instructions:
Ready to consume. Discard uneaten portion once opened.
Size:
140g
Warning:
Cap is not a toy and may present a choking hazard. Always supervise your child while eating.
Code: 1199245P
1 1 9 9 2 4 5 P
Customers also purchased
Vaalia Probiotics Banana Kids Yoghurt Pouch 140g
Vaalia Probiotics Banana Kids Yoghurt Pouch
140g
$2.20
140g $1.57 per 100G
Unit Price
Add
1
for $2.20

Vaalia Kids Tropical Yoghurt Pouch 140g
Vaalia Kids Tropical Yoghurt Pouch
140g
$2.20
140g $1.57 per 100G
Unit Price
Add
1
for $2.20

Vaalia Kids Lactose Free Strawberry Yoghurt 140g
Vaalia Kids Lactose Free Strawberry Yoghurt
140g
$2.20
140g $1.57 per 100G
Unit Price
Add
1
for $2.20

Vaalia Kids Pouch Yoghurt Blueberry 140g
Vaalia Kids Pouch Yoghurt Blueberry
140g
$2.20
140g $1.57 per 100G
Unit Price
Add
1
for $2.20"	['/wcsstore/Coles-CAS/images/1/1/9/1199245-th.jpg', '/wcsstore/Coles-CAS/images/1/1/9/1199245_B-th.jpg']
Chobani	Vanilla Yoghurt Pouch	$ 2 .50	140g	$1.79 per 100G	"Nutrition Facts
Serving size: 1 serving = 140g
Qty
Quantity
per serving Qty
Quantity
per 100g / 100ml %
Percentage
daily intake*
Energy 488kJ 348kJ
Not provided
Energy Cal 117Cal 83Cal
Not provided
Protein 12.0g 8.5g
Not provided
Total Fat 0.3g 0.2g
Not provided
Saturated Fat 0.1g 0.1g
Not provided
Carbohydrate 16.2g 11.5g
Not provided
Sugars 14.6g 10.4g
Not provided
Sodium 44mg 31mg
Not provided
Calcium 148mg 106mg
Not provided
*Percentage Daily Intake per serving. Percentage Daily Intakes are based on an average adult diet of 8700 kJ. Your daily intakes may be higher or lower depending on your energy needs.
Disclaimer:
Product details, including nutritional information and country of origin, may change from time to time and so the product you receive in your order may not reflect the information on this page. Please check the packaging on any product you purchase and if it's not what you expected, feel free to return it for a full refund.
Details
Ingredients:
Low Fat Yogurt (88%), Vanilla Flavoured Blend (12%). Low Fat Yogurt (88%) [Skim Milk, Live Yogurt Cultures], Vanilla Flavoured Blend (12%) [Sugar, Water, Natural Flavour, Vegetable Gums (Fruit Pectin, Locust Bean Gum), Lemon Juice Concentrate, Vanilla Extract, Mineral Salt (Calcium Citrate)].
Contains:
Milk
Allergen:
Contains Milk
Dietary:
Source of Calcium, No Preservatives, No Artificial Flavours or Colours
Servings Per Pack:
1.0
Storage Instructions:
Keep refrigerated at or below 4C.
Size:
140g
Code: 3088110P
3 0 8 8 1 1 0 P
Customers also purchased
Chobani Blueberry Yoghurt Pouch 140g
Chobani Blueberry Yoghurt Pouch
140g
$2.50
140g $1.79 per 100G
Unit Price
Add
1
for $2.50

Chobani Strawberry Yoghurt Pouch 140g
Chobani Strawberry Yoghurt Pouch
140g
$2.50
140g $1.79 per 100G
Unit Price
Add
1
for $2.50

Chobani Raspberry Yoghurt Pouch 140g
Chobani Raspberry Yoghurt Pouch
140g
$2.50
140g $1.79 per 100G
Unit Price
Add
1
for $2.50

Chobani Mango Greek Yogurt Pouch 140g
Chobani Mango Greek Yogurt Pouch
140g
$2.50
140g $1.79 per 100G
Unit Price
Add
1
for $2.50"	['/wcsstore/Coles-CAS/images/3/0/8/3088110-th.jpg', '/wcsstore/Coles-CAS/images/3/0/8/3088110_B-th.jpg']
Jalna	Pouch Of Purity Organic Yoghurt Tropical	$ 1 .95	100g	$1.95 per 100G	"Nutrition Facts
Serving size: 1 serving = 100g
Qty
Quantity
per serving Qty
Quantity
per 100g / 100ml %
Percentage
daily intake*
Energy 372kJ 372kJ
Not provided
Protein 4.2g 4.2g
Not provided
Total Fat 5g 5g
Not provided
Saturated Fat 3.5g 3.5g
Not provided
Carbohydrate 6.4g 6.4g
Not provided
Sugars 4.5g 4.5g
Not provided
Sodium 43mg 43mg
Not provided
Gluten Undetected Undetected
Not provided
Calcium 162mg 162mg 20%
*Percentage Daily Intake per serving. Percentage Daily Intakes are based on an average adult diet of 8700 kJ. Your daily intakes may be higher or lower depending on your energy needs.
Disclaimer:
Product details, including nutritional information and country of origin, may change from time to time and so the product you receive in your order may not reflect the information on this page. Please check the packaging on any product you purchase and if it's not what you expected, feel free to return it for a full refund.
Details
Ingredients:
Pasteurised Organic Whole Milk, Non-Organic Milk Solids ( 1 Billion Probiotic Count Per 100g
Allergen:
Free From Gluten, Contains Milk
Environmental:
Australian Made and Owned, Recyclable
Dietary:
No Added Sugars, No Preservatives, No Artificial Flavours or Colours
Servings Per Pack:
1.0
Storage Instructions:
Keep Refrigerated. Ready to Eat
Dimensions:
165 x 77 x 40mm
Usage Instructions:
Servings Per Pack: 1, Serving Size: 100g
Warning:
WARNING CHOKING HAZARD: KEEP CAP OUT OF REACH OF INFANTS AND CHILDREN UNDER THE AGE OF 3.
Code: 5312496P
5 3 1 2 4 9 6 P
Customers also purchased
Jalna Pouch Of Purity Organic Blueberry Yoghurt 100g
Jalna Pouch Of Purity Organic Blueberry Yoghurt
100g
$1.95
100g $1.95 per 100G
Unit Price
Add
1
for $1.95

Jalna Pouch Of Purity Organic Strawberry Yoghurt 100g
Jalna Pouch Of Purity Organic Strawberry Yoghurt
100g
$1.95
100g $1.95 per 100G
Unit Price
Add
1
for $1.95

Jalna Pouch Of Purity Organic Vanilla Yoghurt 100g
Jalna Pouch Of Purity Organic Vanilla Yoghurt
100g
$1.95
100g $1.95 per 100G
Unit Price
Add
1
for $1.95

Yoplait Petit Miam Yoghurt Vanilla Apple 70g
Yoplait Petit Miam Yoghurt Vanilla Apple
70g
$1.00
70g $1.43 per 100G
Unit Price
Add
1
for $1.00"	['/wcsstore/Coles-CAS/images/5/3/1/5312496-th.jpg', '/wcsstore/Coles-CAS/images/5/3/1/5312496_B-th.jpg']
Pauls	Kids Yoghurt Limited Edition	$ 1 .20	70g	$1.71 per 100G	"Nutrition Facts
Serving size: 1 serving = 70g
Qty
Quantity
per serving Qty
Quantity
per 100g / 100ml %
Percentage
daily intake*
Energy 265kJ 379kJ
Not provided
Energy Cal 63Cal 90Cal
Not provided
Protein 2.8g 4.0g
Not provided
Total Fat 2.2g 3.1g
Not provided
Saturated Fat 1.4g 2.0g
Not provided
Carbohydrate 8.1g 11.6g
Not provided
Sugars 6.4g 9.2g
Not provided
Sodium 30mg 44mg
Not provided
Gluten Nil Nil
Not provided
Vitamin D 0.5ug (10% RDI*) 0.7ug
Not provided
Calcium 207mg (29% RDI*) 296mg
Not provided
*Percentage Daily Intake per serving. Percentage Daily Intakes are based on an average adult diet of 8700 kJ. Your daily intakes may be higher or lower depending on your energy needs.
Disclaimer:
Product details, including nutritional information and country of origin, may change from time to time and so the product you receive in your order may not reflect the information on this page. Please check the packaging on any product you purchase and if it's not what you expected, feel free to return it for a full refund.
Details
Ingredients:
Milk, Sugar, Milk Solids, Thickener (1442, from Tapioca), Maltodextrin, Calcium Phosphate, Pectin, Stabiliser (440), Natural Flavours, Acidity Regulators (330, 331), Live Cultures (Incl. Bifidobacterium), Vitamin D.
Contains:
Milk
Allergen:
Contains Milk
Dietary:
No Preservatives
Servings Per Pack:
1.0
Storage Instructions:
Keep refrigerated at or below 4C.
Suitable for:
For 12+ months.
Size:
70g
Warning:
Cap is not a toy and may present a choking hazard. Always supervise your child while eating.
Code: 4348374P
4 3 4 8 3 7 4 P
Customers also purchased
Pauls Kids Vanilla Yoghurt 70g
Pauls Kids Vanilla Yoghurt
70g
$1.20
70g $1.71 per 100G
Unit Price
Add
1
for $1.20

Pauls Kids Yoghurt Strawberry Red 70g
Pauls Kids Yoghurt Strawberry Red
70g
$1.20
70g $1.71 per 100G
Unit Price
Add
1
for $1.20

Pauls Kids Yoghurt Strawberry Pink 70g
Pauls Kids Yoghurt Strawberry Pink
70g
$1.20
70g $1.71 per 100G
Unit Price
Add
1
for $1.20

Pauls Kids Yoghurt Banana 70g
Pauls Kids Yoghurt Banana
70g
$1.20
70g $1.71 per 100G
Unit Price
Add
1
for $1.20"	['/wcsstore/Coles-CAS/images/4/3/4/4348374-th.jpg', '/wcsstore/Coles-CAS/images/4/3/4/4348374_L-th.jpg', '/wcsstore/Coles-CAS/images/4/3/4/4348374_R-th.jpg', '/wcsstore/Coles-CAS/images/4/3/4/4348374_B-th.jpg']
YoPro	Yoghurt Pouch Vanilla	$ 2 .20	150g	$1.47 per 100G	"Nutrition Facts
Serving size: 1 serving = 150g
Qty
Quantity
per serving Qty
Quantity
per 100g / 100ml %
Percentage
daily intake*
Energy 390kJ 260kJ
Not provided
Energy Cal 93Cal 62Cal
Not provided
Protein 15.0g 10g
Not provided
Total Fat 0.5g 0.3g
Not provided
Saturated Fat 0.3g 0.2g
Not provided
Carbohydrate 6.9g 4.6g
Not provided
Sugars 6.3g 4.2g
Not provided
Dietary Fibre Total
Not provided
0g
Not provided
Sodium 63mg 42g
Not provided
Calcium 185mg 123mg
Not provided
*Percentage Daily Intake per serving. Percentage Daily Intakes are based on an average adult diet of 8700 kJ. Your daily intakes may be higher or lower depending on your energy needs.
Disclaimer:
Product details, including nutritional information and country of origin, may change from time to time and so the product you receive in your order may not reflect the information on this page. Please check the packaging on any product you purchase and if it's not what you expected, feel free to return it for a full refund.
Details
Ingredients:
Skim milk, rice starch, natural flavour, lemon pulp, enzyme (lactase), live yoghurt cultures, stevia leaf extract, sea salt, vanilla bean (0.01%), milk minerals.
Contains:
Milk
Allergen:
Contains Milk
Dietary:
No Added Sugars, No Preservatives, No Artificial Flavours or Colours
Servings Per Pack:
1.0
Storage Instructions:
Keep refrigerated at or below 4C.
Suitable for:
Vegetarian
Usage Instructions:
Servings per pouch: 1 (unit), Serving size 150g
Size:
150g
Code: 4346222P
4 3 4 6 2 2 2 P
Customers also purchased
YoPro Yoghurt Pouch Strawberry 150g on special
YoPro Yoghurt Pouch Strawberry
150g on special
$2.20
save
$0.50
150g $1.47 per 100G
Unit Price
Add
1
for $2.20

YoPro Yoghurt Pouch Banana 150g on special
YoPro Yoghurt Pouch Banana
150g on special
$2.20
save
$0.50
150g $1.47 per 100G
Unit Price
Add
1
for $2.20"	['/wcsstore/Coles-CAS/images/4/3/4/4346222-th.jpg', '/wcsstore/Coles-CAS/images/4/3/4/4346222_L-th.jpg', '/wcsstore/Coles-CAS/images/4/3/4/4346222_B-th.jpg']
Pauls	Kids Yoghurt Banana	$ 1 .20	70g	$1.71 per 100G	"Nutrition Facts
Serving size: 1 serving = 70g
Qty
Quantity
per serving Qty
Quantity
per 100g / 100ml %
Percentage
daily intake*
Energy 252kJ 359kJ
Not provided
Energy Cal 60Cal 86Cal
Not provided
Protein 2.9g 4.1g
Not provided
Total Fat 2.1g 3.0g
Not provided
Saturated Fat 1.4g 2.0g
Not provided
Carbohydrate 6.8g 9.7g
Not provided
Sugars 4.8g 6.9g
Not provided
Sodium 22mg 32mg
Not provided
Gluten Nil Nil
Not provided
Vitamin D 0.6ug (12% RDI)* 0.9ug
Not provided
Calcium 174mg (25% RDI*) 247mg
Not provided
*Percentage Daily Intake per serving. Percentage Daily Intakes are based on an average adult diet of 8700 kJ. Your daily intakes may be higher or lower depending on your energy needs.
Disclaimer:
Product details, including nutritional information and country of origin, may change from time to time and so the product you receive in your order may not reflect the information on this page. Please check the packaging on any product you purchase and if it's not what you expected, feel free to return it for a full refund.
Details
Ingredients:
Milk, Banana Puree (5.1%), Sugar, Milk Solids, Thickener (1442), Maltodextrin (from Tapioca), Calcium Phosphate, Stabiliser (440, 410), Acidity regulators (330, 331, 509), Natural flavours, Live cultures (Including Bifidobacterium), Vitamin D.
Contains:
Milk
Allergen:
Contains Milk
Dietary:
No Preservatives, No Artificial Flavours or Colours
Servings Per Pack:
1.0
Storage Instructions:
Keep refrigerated at or below 4C.
Suitable for:
12+ months
Size:
70g
Warning:
Cap is not a toy and may present a choking hazard. Always supervise your child while eating.
Code: 4348385P
4 3 4 8 3 8 5 P
Customers also purchased
Pauls Kids Vanilla Yoghurt 70g
Pauls Kids Vanilla Yoghurt
70g
$1.20
70g $1.71 per 100G
Unit Price
Add
1
for $1.20

Pauls Kids Yoghurt Strawberry Red 70g
Pauls Kids Yoghurt Strawberry Red
70g
$1.20
70g $1.71 per 100G
Unit Price
Add
1
for $1.20

Pauls Kids Yoghurt Strawberry Pink 70g
Pauls Kids Yoghurt Strawberry Pink
70g
$1.20
70g $1.71 per 100G
Unit Price
Add
1
for $1.20

Pauls Kids Yoghurt Limited Edition 70g
Pauls Kids Yoghurt Limited Edition
70g
$1.20
70g $1.71 per 100G
Unit Price
Add
1
for $1.20"	['/wcsstore/Coles-CAS/images/4/3/4/4348385-th.jpg', '/wcsstore/Coles-CAS/images/4/3/4/4348385_B-th.jpg']
Vaalia	Kids Yoghurt Pouch Limited Edition	$ 2 .20	140g	$1.57 per 100G	"Nutrition Facts
Serving size: 1 serving = 140g
Qty
Quantity
per serving Qty
Quantity
per 100g / 100ml %
Percentage
daily intake*
Energy 511kJ 365kJ
Not provided
Energy Cal 122Cal 87Cal
Not provided
Protein 6.7g 4.8g
Not provided
Total Fat 3.5g 2.5g
Not provided
Saturated Fat 2.3g 1.7g
Not provided
Carbohydrate 15.8g 11.3g
Not provided
Sugars 13.8g 9.9g
Not provided
Sodium 66mg 47mg
Not provided
Gluten NIL NIL
Not provided
Vitamin B12 0.37ug 0.26ug
Not provided
Calcium 236mg 168mg
Not provided
*Percentage Daily Intake per serving. Percentage Daily Intakes are based on an average adult diet of 8700 kJ. Your daily intakes may be higher or lower depending on your energy needs.
Disclaimer:
Product details, including nutritional information and country of origin, may change from time to time and so the product you receive in your order may not reflect the information on this page. Please check the packaging on any product you purchase and if it's not what you expected, feel free to return it for a full refund.
Details
Ingredients:
Milk, Skim Milk, Sugar, Milk Solids, Watermelon Juice (3%), Rice Starch, Natural Flavours, Gelatine, Natural Colour (Black Carrot Concentrate, Paprika Extract), Enzyme (Lactase), Live Yoghurt Cultures (incl L. acidophilus, Bifidobacterium, Lactobacillus GG).
Contains:
Milk
Allergen:
Contains Milk
Dietary:
Source of Calcium, No Preservatives, No Artificial Flavours or Colours
Servings Per Pack:
1.0
Storage Instructions:
To enjoy Vaalia at its best, please keep refrigerated between 1C - 5C.
Suitable for:
Suitable for children 12+ months.
Usage Instructions:
Ready to consume. Discard uneaten portion once opened.
Size:
140g
Warning:
Warning: Cap is not a toy and may present a choking hazard. Always supervise your child while eating.
Code: 4343790P
4 3 4 3 7 9 0 P
Customers also purchased
Vaalia Probiotics Banana Kids Yoghurt Pouch 140g
Vaalia Probiotics Banana Kids Yoghurt Pouch
140g
$2.20
140g $1.57 per 100G
Unit Price
Add
1
for $2.20

Vaalia Kids Strawberry Yoghurt Pouch 140g
Vaalia Kids Strawberry Yoghurt Pouch
140g
$2.20
140g $1.57 per 100G
Unit Price
Add
1
for $2.20

Vaalia Kids Tropical Yoghurt Pouch 140g
Vaalia Kids Tropical Yoghurt Pouch
140g
$2.20
140g $1.57 per 100G
Unit Price
Add
1
for $2.20

Vaalia Kids Pouch Yoghurt Blueberry 140g
Vaalia Kids Pouch Yoghurt Blueberry
140g
$2.20
140g $1.57 per 100G
Unit Price
Add
1
for $2.20"	['/wcsstore/Coles-CAS/images/4/3/4/4343790-th.jpg', '/wcsstore/Coles-CAS/images/4/3/4/4343790_B-th.jpg']
YoPro	Yoghurt Pouch Strawberry	$ 2 .20	150g	$1.47 per 100G	"Nutrition Facts
Serving size: 1 serving = 150g
Qty
Quantity
per serving Qty
Quantity
per 100g / 100ml %
Percentage
daily intake*
Energy 392kJ 261kJ
Not provided
Energy Cal 94Cal 62Cal
Not provided
Protein 15.0g 10g
Not provided
Total Fat 0.5g 0.3g
Not provided
Saturated Fat 0.3g 0.2g
Not provided
Carbohydrate 7.1g 4.7g
Not provided
Sugars 6.5g 4.3g
Not provided
Dietary Fibre Total
Not provided
0g
Not provided
Sodium 60mg 40mg
Not provided
Calcium 185mg 123mg
Not provided
*Percentage Daily Intake per serving. Percentage Daily Intakes are based on an average adult diet of 8700 kJ. Your daily intakes may be higher or lower depending on your energy needs.
Disclaimer:
Product details, including nutritional information and country of origin, may change from time to time and so the product you receive in your order may not reflect the information on this page. Please check the packaging on any product you purchase and if it's not what you expected, feel free to return it for a full refund.
Details
Ingredients:
Skim milk, strawberry puree (2%), rice starch, natural flavours, black carrot and blackcurrant concentrate, enzyme (lactase), live yoghurt cultures, stevia leaf extract, sea salt, lemon pulp.
Contains:
Milk
Allergen:
Contains Milk
Dietary:
No Added Sugars, No Preservatives, No Artificial Flavours or Colours
Servings Per Pack:
1.0
Storage Instructions:
Keep refrigerated at or below 4C.
Suitable for:
Vegetarian
Usage Instructions:
Servings per pouch: 1 (unit), Serving size 150g
Size:
150g
Code: 4346244P
4 3 4 6 2 4 4 P
Customers also purchased
YoPro Yoghurt Pouch Vanilla 150g on special
YoPro Yoghurt Pouch Vanilla
150g on special
$2.20
save
$0.50
150g $1.47 per 100G
Unit Price
Add
1
for $2.20

YoPro Yoghurt Pouch Banana 150g on special
YoPro Yoghurt Pouch Banana
150g on special
$2.20
save
$0.50
150g $1.47 per 100G
Unit Price
Add
1
for $2.20"	['/wcsstore/Coles-CAS/images/4/3/4/4346244-th.jpg', '/wcsstore/Coles-CAS/images/4/3/4/4346244_L-th.jpg', '/wcsstore/Coles-CAS/images/4/3/4/4346244_R-th.jpg', '/wcsstore/Coles-CAS/images/4/3/4/4346244_B-th.jpg']
YoPro	Yoghurt Pouch Banana	$ 2 .20	150g	$1.47 per 100G	"Nutrition Facts
Serving size: 1 serving = 150g
Qty
Quantity
per serving Qty
Quantity
per 100g / 100ml %
Percentage
daily intake*
Energy 399kJ 266kJ
Not provided
Energy Cal 95Cal 63Cal
Not provided
Protein 15.0g 10g
Not provided
Total Fat 0.5g 0.3g
Not provided
Saturated Fat 0.3g 0.2g
Not provided
Carbohydrate 7.4g 4.9g
Not provided
Sugars 6.9g 4.6g
Not provided
Dietary Fibre Total
Not provided
0g
Not provided
Sodium 60mg 40mg
Not provided
Calcium 185mg 123mg
Not provided
*Percentage Daily Intake per serving. Percentage Daily Intakes are based on an average adult diet of 8700 kJ. Your daily intakes may be higher or lower depending on your energy needs.
Disclaimer:
Product details, including nutritional information and country of origin, may change from time to time and so the product you receive in your order may not reflect the information on this page. Please check the packaging on any product you purchase and if it's not what you expected, feel free to return it for a full refund.
Details
Ingredients:
Skim milk, banana puree (2%), rice starch, lemon pulp, natural flavour, enzyme (lactase), live yoghurt cultures, stevia leaf extract, sea salt, natural colour.
Contains:
Milk
Allergen:
Contains Milk
Dietary:
No Added Sugars, No Preservatives, No Artificial Flavours or Colours
Servings Per Pack:
1.0
Storage Instructions:
Keep refrigerated at or below 4C.
Suitable for:
Vegetarian
Usage Instructions:
Servings per pouch: 1 (unit), Serving size 150g
Size:
150g
Code: 4346255P
4 3 4 6 2 5 5 P
Customers also purchased
YoPro Yoghurt Pouch Strawberry 150g on special
YoPro Yoghurt Pouch Strawberry
150g on special
$2.20
save
$0.50
150g $1.47 per 100G
Unit Price
Add
1
for $2.20

YoPro Yoghurt Pouch Vanilla 150g on special
YoPro Yoghurt Pouch Vanilla
150g on special
$2.20
save
$0.50
150g $1.47 per 100G
Unit Price
Add
1
for $2.20"	['/wcsstore/Coles-CAS/images/4/3/4/4346255-th.jpg', '/wcsstore/Coles-CAS/images/4/3/4/4346255_L-th.jpg', '/wcsstore/Coles-CAS/images/4/3/4/4346255_R-th.jpg', '/wcsstore/Coles-CAS/images/4/3/4/4346255_B-th.jpg']
Uncle Tobys	Le Snak Cheddar Cheese	$ 5 .00	132g	$3.79 per 100G	"Nutrition Facts
Serving size: 1 serving = 22 g
Qty
Quantity
per serving Qty
Quantity
per 100g / 100ml %
Percentage
daily intake*
Energy 360 kJ 1635 kJ 4%
Protein 2.5 g 11.3 g 5%
Total Fat 5.5g 24.3 g 8%
Saturated Fat 2.7 g 12.1 g 11%
Carbohydrate 6.8 g 30.9 g 2%
Sugars 1 g 4.6 g 1%
Dietary Fibre Total 0.6 g 2.5 g 2%
Sodium 175 mg 805 mg 8%
Calcium 101 mg 460 mg 13%
*Percentage Daily Intake per serving. Percentage Daily Intakes are based on an average adult diet of 8700 kJ. Your daily intakes may be higher or lower depending on your energy needs.
Disclaimer:
Product details, including nutritional information and country of origin, may change from time to time and so the product you receive in your order may not reflect the information on this page. Please check the packaging on any product you purchase and if it's not what you expected, feel free to return it for a full refund.
Details
Country of Origin:
Made in Australia
Ingredients:
Cheese Spread [Cheddar Cheese (49%)( Milk , Salt, Starter Culture), Water, Margarine (Vegetable Oils, Water, Salt, Milk Solids, Emulsifiers [ Soy Lecithin, 471], Antioxidants [304, 307b]), Whey Powder ( Milk ), Milk Mineral, Mineral Salts (339, 452), Preservative (234)]. Cracker [ Wheat Flour, Vegetable Fats and Oils (Antioxidants [307, 307b]), Wholemeal Wheat Flour, Sugar, Wheat Bran, Invert Syrup, Salt, Raising Agents (503, 500), Poppy Seeds, Wheat Germ]. Contains: Gluten (Wheat), Milk and Soy. May Contain Egg, Tree Nuts and Peanuts.
Allergen:
Contains Soybean, May Be Present Nuts, May Be Present Peanuts, Contains Gluten, Contains Wheat, Contains Milk, May Be Present Egg
Servings Per Pack:
6.0
Storage Instructions:
Store in A Cool Dry Place. Do Not Store Above 22c
Size:
132 g
Code: 4952890P
4 9 5 2 8 9 0 P
Customers also purchased
Coles Snack Pack French Onion 132g
Coles Snack Pack French Onion
132g
$3.40
Until 02 May 2023
132g $2.58 per 100G
Unit Price
Add
1
for $3.40

Uncle Tobys Le Snak Tasty Cheese 6 Pack 132g
Uncle Tobys Le Snak Tasty Cheese 6 Pack
132g
$5.00
132g $3.79 per 100G
Unit Price
4.4 (63)
4.4 out of 5 stars from 63 ratings received
Add
1
for $5.00

Uncle Tobys Le Snak French Onion 132g
Uncle Tobys Le Snak French Onion
132g
$5.00
132g $3.79 per 100G
Unit Price
5.0 (6)
5.0 out of 5 stars from 6 ratings received
Add
1
for $5.00

Le Snak Cheddar Cheese
Reviews
Rating Snapshot
Select a row below to filter reviews.
5
stars
12
12 reviews with 5 stars.
Select to filter reviews with 5 stars.
4
stars
4
4 reviews with 4 stars.
Select to filter reviews with 4 stars.
3
stars
2
2 reviews with 3 stars.
Select to filter reviews with 3 stars.
2
stars
0
0 reviews with 2 stars.
Select to filter reviews with 2 stars.
1
stars
0
0 reviews with 1 star.
Select to filter reviews with 1 star.
Average Customer Ratings
Overall


4.6
Overall, average rating value is 4.6 of 5.
18 of 18 Reviews  
Sort by: Most Recent

Menu

Clicking on the following button will update the content below
Louisetakespics
Cowra NSW
Review 1
Votes 0


4 out of 5 stars.
 10 days ago  
Handy Snack
The biscuits were crispy and fresh. They didn't snap when dipping in spread. Spread tasted fine bet I felt there wasn't quite enough spread.
 Yes, I recommend this product.
Originally posted on Uncle Toby's
VanessaW
Perth, Western Australia
Review 1
Votes 0


3 out of 5 stars.
 25 days ago  
Quick & tasty snack
I used to have these a lot as a child & forgotten about them until recently. A quick & tasty snack that i have now introduced to my son & he loves them!
 Yes, I recommend this product.
Originally posted on Uncle Toby's
Kezmac
Sunshine Coast, Queensland
Review 1
Votes 0


5 out of 5 stars.
 a month ago  
Tasty, portable snack.
This is a tasty snack. So portable - great for kids and adults alike. Really good cheesy flavour. It's a snack that's not too heavy - but really hits the spot when you need a savoury hit.
 Yes, I recommend this product.
Originally posted on Uncle Toby's
Janelliebb
Gladstone, Qld
Review 1
Votes 0


4 out of 5 stars.
 a month ago  
Very cheesy in a good way
Have not had a le snack in many years, but will definitely have them again.
 Yes, I recommend this product.
Originally posted on Uncle Toby's
Keza
NSW Australia
Review 1
Votes 0


5 out of 5 stars.
 a month ago  
Delicious and tasty
I was chosen as a taste tester ti try this product. Im glad I received this product as it is delicious and an ideal snack to have with a cuppa.
 Yes, I recommend this product.
Originally posted on Uncle Toby's
Meg123
Brisbane, Australia
Review 1
Votes 0


5 out of 5 stars.
 a month ago  
Handy snack
These are a great afternoon snack - great for work or to keep in your bag when you're out and about and don't have access to a fridge.
The cheese is really tasty and the crackers are nice and crisp. I just wish the packs came in bigger sizes!
 Yes, I recommend this product.
Originally posted on Uncle Toby's
Ros47
Stroud
Review 1
Votes 0


5 out of 5 stars.
 a month ago  
Unexpected enjoyment.
As we are a pair of Oldies 70s and 80s, we had thought that Le Snak was a product only aimed at Children, surprisingly, it is very enjoyable and it will be included in our future shopping cart!
 Yes, I recommend this product.
Originally posted on Uncle Toby's
Lindy
Brisbane, QLD
Review 1
Votes 0


3 out of 5 stars.
 a month ago  
Convenient snack
A convenient, tasty little snack you can take anywhere.
 Yes, I recommend this product.
Originally posted on Uncle Toby's
18 of 18 Reviews  
Previous Reviews

Next Reviews
"	['/wcsstore/Coles-CAS/images/4/9/5/4952890-th.jpg', '/wcsstore/Coles-CAS/images/4/9/5/4952890_L-th.jpg', '/wcsstore/Coles-CAS/images/4/9/5/4952890_R-th.jpg', '/wcsstore/Coles-CAS/images/4/9/5/4952890_B-th.jpg']
Arnott's	Tiny Teddy Chocolate Biscuits 8 pack	$ 3 .00	200g	$1.50 per 100G	"Nutrition Facts
Serving size: 1 serving = 25g
Qty
Quantity
per serving Qty
Quantity
per 100g / 100ml %
Percentage
daily intake*
Energy 460kJ 1840kJ 5.3%
Protein 1.7g 6.8g 3.4%
Total Fat 3.3g 13.4g 4.8%
Saturated Fat 1.6g 6.5g 6.8%
Carbohydrate 17.6g 70.3g 5.7%
Sugars 6.3g 25.3g 7.0%
Dietary Fibre Total 1.2g 4.9g 4.0%
Sodium 75mg 298mg 3.2%
*Percentage Daily Intake per serving. Percentage Daily Intakes are based on an average adult diet of 8700 kJ. Your daily intakes may be higher or lower depending on your energy needs.
Disclaimer:
Product details, including nutritional information and country of origin, may change from time to time and so the product you receive in your order may not reflect the information on this page. Please check the packaging on any product you purchase and if it's not what you expected, feel free to return it for a full refund.
Details
Country of Origin:
Made in Australia
Ingredients:
Wheat Flour, Sugar, Vegetable Oil (Contains Soy), Chocolate (3.5%), Cocoa Powder, Honey, Vegetable Fibre, Salt, Emulsifier (Soy Lecithin), Golden Syrup, Baking Powder, Food Colour (Caramel I), Natural Flavour.
Contains:
Soy and Gluten containing Cereals (Wheat).
Allergen:
May Be Present Milk, May Be Present Sesame, May Be Present Tree Nuts, May Be Present Peanuts, Contains Soy, Contains Wheat, Contains Cereals Containing Gluten, May Be Present Egg
Dietary:
No Preservatives
Servings Per Pack:
8.0
Storage Instructions:
Store in a cool, dry place.
Usage Instructions:
To open, push then pull.
Size:
8 Pack 200g
Warning:
Caution! Tiny Teddy Biscuits are small in size & required chewing. They should not be consumed by children under 3 years. Biscuits not actual size. Individual packs not for retail sale.
Code: 2992102P
2 9 9 2 1 0 2 P
Customers also purchased
Arnott's Crackers Original Pizza Shapes 8 Pack 200g on special
Arnott's Crackers Original Pizza Shapes 8 Pack
200g on special
$3.00
save
$1.50
200g $1.50 per 100G
Unit Price
3more varieties
of Arnott's Crackers Original Pizza Shapes 8 Pack 200g on special
Add
1
for $3.00

Arnott's Crackers Original Bbq Shapes 8 Pack 200g on special
Arnott's Crackers Original Bbq Shapes 8 Pack
200g on special
$3.00
save
$1.50
200g $1.50 per 100G
Unit Price
3more varieties
of Arnott's Crackers Original Bbq Shapes 8 Pack 200g on special
Add
1
for $3.00

Arnott's Minis Choc Chip Cookies 7 pack 175g on special
Arnott's Minis Choc Chip Cookies 7 pack
175g on special
$3.00
save
$1.50
175g $1.71 per 100G
Unit Price
Add
1
for $3.00

Arnott's Tiny Teddy Hundreds & Thousands Biscuits 8 pack 184g on special
Arnott's Tiny Teddy Hundreds & Thousands Biscuits 8 pack
184g on special
$3.00
save
$1.50
184g $1.63 per 100G
Unit Price
4more varieties
of Arnott's Tiny Teddy Hundreds & Thousands Biscuits 8 pack 184g on special
Add
1
for $3.00"	['/wcsstore/Coles-CAS/images/2/9/9/2992102-th.jpg', '/wcsstore/Coles-CAS/images/2/9/9/2992102_L-th.jpg', '/wcsstore/Coles-CAS/images/2/9/9/2992102_R-th.jpg', '/wcsstore/Coles-CAS/images/2/9/9/2992102_B-th.jpg']
Arnott's	Crackers Crimpy Chicken Shapes 8 Pack	$ 3 .00	200g	$1.50 per 100G	"Nutrition Facts
Serving size: 1 serving = 25g
Qty
Quantity
per serving Qty
Quantity
per 100g / 100ml %
Percentage
daily intake*
Energy 493kJ 1970kJ 5.7%
Protein 2.0g 8.0g 4.0%
Total Fat 4.9g 19.6g 7.0%
Saturated Fat 1.0g 3.8g 4.0%
Carbohydrate 15.9g 63.8g 5.1%
Sugars 1.7g 6.9g 1.9%
Dietary Fibre Total 0.8g 3.0g 2.7%
Sodium 216mg 866mg 9.4%
*Percentage Daily Intake per serving. Percentage Daily Intakes are based on an average adult diet of 8700 kJ. Your daily intakes may be higher or lower depending on your energy needs.
Disclaimer:
Product details, including nutritional information and country of origin, may change from time to time and so the product you receive in your order may not reflect the information on this page. Please check the packaging on any product you purchase and if it's not what you expected, feel free to return it for a full refund.
Details
Country of Origin:
Made in Australia
Ingredients:
Wheat Flour, Vegetable Oil, Sugar, Salt, Malt Extract (From Barley), Baking Powder, Flavour Enhancers (E621, E635), Onion Powder, Natural Flavour, Maltodextrin (Maize), Chicken, Spices, Antioxidants (E300, E304, E307b from Soy), Emulsifier (Soy Lecithin).
Contains:
Soy and Gluten containing Cereals (Wheat and Barley).
Allergen:
May Be Present Milk, May Be Present Sesame, Contains Barley, May Be Present Tree Nuts, May Be Present Peanuts, Contains Soy, Contains Wheat, Contains Cereals Containing Gluten, May Be Present Egg
Dietary:
No Preservatives
Servings Per Pack:
8.0
Storage Instructions:
Store in a cool, dry place.
Usage Instructions:
To open, push then pull.
Size:
8 Pack 200g
Warning:
Individual packs not for retail sale. Biscuits not actual size.
Code: 2992237P
2 9 9 2 2 3 7 P
Customers also purchased
Arnott's Crackers Original Pizza Shapes 8 Pack 200g on special
Arnott's Crackers Original Pizza Shapes 8 Pack
200g on special
$3.00
save
$1.50
200g $1.50 per 100G
Unit Price
3more varieties
of Arnott's Crackers Original Pizza Shapes 8 Pack 200g on special
Add
1
for $3.00

Arnott's Crackers Original Bbq Shapes 8 Pack 200g on special
Arnott's Crackers Original Bbq Shapes 8 Pack
200g on special
$3.00
save
$1.50
200g $1.50 per 100G
Unit Price
3more varieties
of Arnott's Crackers Original Bbq Shapes 8 Pack 200g on special
Add
1
for $3.00

Arnott's Minis Choc Chip Cookies 7 pack 175g on special
Arnott's Minis Choc Chip Cookies 7 pack
175g on special
$3.00
save
$1.50
175g $1.71 per 100G
Unit Price
Add
1
for $3.00

Arnott's Tiny Teddy Hundreds & Thousands Biscuits 8 pack 184g on special
Arnott's Tiny Teddy Hundreds & Thousands Biscuits 8 pack
184g on special
$3.00
save
$1.50
184g $1.63 per 100G
Unit Price
4more varieties
of Arnott's Tiny Teddy Hundreds & Thousands Biscuits 8 pack 184g on special
Add
1
for $3.00"	['/wcsstore/Coles-CAS/images/2/9/9/2992237-th.jpg', '/wcsstore/Coles-CAS/images/2/9/9/2992237_L-th.jpg', '/wcsstore/Coles-CAS/images/2/9/9/2992237_R-th.jpg', '/wcsstore/Coles-CAS/images/2/9/9/2992237_B-th.jpg']
Arnott's	Minis Choc Chip Cookies 7 pack	$ 3 .00	175g	$1.71 per 100G	"Nutrition Facts
Serving size: 1 serving = 25g
Qty
Quantity
per serving Qty
Quantity
per 100g / 100ml %
Percentage
daily intake*
Energy 520kJ 2080kJ 6.00%
Protein 1.2g 5.0g 2.50%
Total Fat 6.3g 25.2g 9.00%
Saturated Fat 3.6g 14.6g 15.20%
Carbohydrate 15.3g 61.0g 4.90%
Sugars 7.4g 29.7g 8.30%
Dietary Fibre Total 0.8g 3.3g 2.70%
Sodium 73mg 291mg 3.20%
*Percentage Daily Intake per serving. Percentage Daily Intakes are based on an average adult diet of 8700 kJ. Your daily intakes may be higher or lower depending on your energy needs.
Disclaimer:
Product details, including nutritional information and country of origin, may change from time to time and so the product you receive in your order may not reflect the information on this page. Please check the packaging on any product you purchase and if it's not what you expected, feel free to return it for a full refund.
Details
Country of Origin:
Made in Australia
Ingredients:
Wheat Flour, Chocolate Chips (24%) (Sugar, Cocoa Mass, Cocoa Butter, Natural Flavour, Emulsifier (Soy Lecithin)), Sugar, Vegetable Oil, Butter (Contains Milk), Desiccated Coconut, Skim Milk Powder, Baking Powder, Salt, Emulsifier (Soy Lecithin), Natural Flavour, Antioxidant (E307b From Soy).
Contains:
Gluten containing Cereals, Milk and Soy.
Allergen:
May Be Present Sesame, May Be Present Tree Nuts, May Be Present Peanuts, Contains Soy, Contains Wheat, Contains Milk, Contains Cereals Containing Gluten, May Be Present Egg
Dietary:
No Artificial Flavours or Colours
Servings Per Pack:
7.0
Storage Instructions:
Store in a cool, dry place.
Size:
7 Pack 175g
Warning:
Do not purchase if pack is open or torn. Individual packs not for retail sale. Biscuits not actual size.
Code: 2992157P
2 9 9 2 1 5 7 P
Customers also purchased
Arnott's Crackers Crimpy Chicken Shapes 8 Pack 200g on special
Arnott's Crackers Crimpy Chicken Shapes 8 Pack
200g on special
$3.00
save
$1.50
200g $1.50 per 100G
Unit Price
3more varieties
of Arnott's Crackers Crimpy Chicken Shapes 8 Pack 200g on special
Add
1
for $3.00

Arnott's Scotch Finger Minis Biscuits 8 pack 200g on special
Arnott's Scotch Finger Minis Biscuits 8 pack
200g on special
$3.00
save
$1.50
200g $1.50 per 100G
Unit Price
1more size
of Arnott's Scotch Finger Minis Biscuits 8 pack 200g on special
Add
1
for $3.00

Arnott's Tiny Teddy Chocolate Biscuits 8 pack 200g on special
Arnott's Tiny Teddy Chocolate Biscuits 8 pack
200g on special
$3.00
save
$1.50
200g $1.50 per 100G
Unit Price
5more sizes and varieties
of Arnott's Tiny Teddy Chocolate Biscuits 8 pack 200g on special
Add
1
for $3.00"	['/wcsstore/Coles-CAS/images/2/9/9/2992157-th.jpg', '/wcsstore/Coles-CAS/images/2/9/9/2992157_L-th.jpg', '/wcsstore/Coles-CAS/images/2/9/9/2992157_R-th.jpg', '/wcsstore/Coles-CAS/images/2/9/9/2992157_B-th.jpg']
Arnott's	Crackers Original Pizza Shapes 8 Pack	$ 3 .00	200g	$1.50 per 100G	"Nutrition Facts
Serving size: 1 serving = 25g
Qty
Quantity
per serving Qty
Quantity
per 100g / 100ml %
Percentage
daily intake*
Energy 518kJ 2070kJ 5.9%
Protein 2.0g 7.8g 3.9%
Total Fat 5.8g 23.1g 8.2%
Saturated Fat 1.4g 5.4g 5.6%
Carbohydrate 15.6g 62.3g 5.0%
Sugars 0.4g 1.5g 0.4%
Dietary Fibre Total 0.8g 3.3g 2.7%
Sodium 155mg 620mg 6.7%
*Percentage Daily Intake per serving. Percentage Daily Intakes are based on an average adult diet of 8700 kJ. Your daily intakes may be higher or lower depending on your energy needs.
Disclaimer:
Product details, including nutritional information and country of origin, may change from time to time and so the product you receive in your order may not reflect the information on this page. Please check the packaging on any product you purchase and if it's not what you expected, feel free to return it for a full refund.
Details
Country of Origin:
Made in Australia
Ingredients:
Wheat Flour, Vegetable Oil, Starch (Wheat), Tomato Powder, Salt, Cheese (Contains: Milk), Maltodextrin (Maize), Yeast. Milk Solids, Baking Powder, Sugar, Spice, Garlic Powder, Onion Powder, Herb, Natural Flavour, Vegetable Extract (From Maize, Soy), Food Acid (Citric Acid), Food Colours (Turmeric, Paprika Extract), Antioxidants (E300, E307b From Soy, E304), Yeast Extract, Emulsifier (Soy Lecithin).
Contains:
Gluten containing Cereals (Wheat), Milk and Soy.
Allergen:
May Be Present Sesame, May Be Present Tree Nuts, May Be Present Peanuts, Contains Soy, Contains Wheat, Contains Milk, Contains Cereals Containing Gluten, May Be Present Egg
Dietary:
No Preservatives, No Artificial Flavours or Colours
Servings Per Pack:
8.0
Storage Instructions:
Store in a cool, dry place.
Size:
8 Pack 200g
Warning:
Do not purchase if pack is open or torn. Individual packs not for retail sale. Biscuits not actual size.
Code: 2992226P
2 9 9 2 2 2 6 P
Customers also purchased
Arnott's Crackers Original Bbq Shapes 8 Pack 200g on special
Arnott's Crackers Original Bbq Shapes 8 Pack
200g on special
$3.00
save
$1.50
200g $1.50 per 100G
Unit Price
3more varieties
of Arnott's Crackers Original Bbq Shapes 8 Pack 200g on special
Add
1
for $3.00

Arnott's Crackers Crimpy Chicken Shapes 8 Pack 200g on special
Arnott's Crackers Crimpy Chicken Shapes 8 Pack
200g on special
$3.00
save
$1.50
200g $1.50 per 100G
Unit Price
3more varieties
of Arnott's Crackers Crimpy Chicken Shapes 8 Pack 200g on special
Add
1
for $3.00

Arnott's Tiny Teddy Hundreds & Thousands Biscuits 8 pack 184g on special
Arnott's Tiny Teddy Hundreds & Thousands Biscuits 8 pack
184g on special
$3.00
save
$1.50
184g $1.63 per 100G
Unit Price
4more varieties
of Arnott's Tiny Teddy Hundreds & Thousands Biscuits 8 pack 184g on special
Add
1
for $3.00

Arnott's Shapes Vegemite & Cheese 8 pack 200g on special
Arnott's Shapes Vegemite & Cheese 8 pack
200g on special
$3.00
save
$1.50
200g $1.50 per 100G
Unit Price
3more varieties
of Arnott's Shapes Vegemite & Cheese 8 pack 200g on special
Add
1
for $3.00"	['/wcsstore/Coles-CAS/images/2/9/9/2992226-th.jpg', '/wcsstore/Coles-CAS/images/2/9/9/2992226_L-th.jpg', '/wcsstore/Coles-CAS/images/2/9/9/2992226_R-th.jpg', '/wcsstore/Coles-CAS/images/2/9/9/2992226_B-th.jpg']
Jumpy's	Potato Chips 10 Pack	$ 6 .50	180g	$3.61 per 100G	"Disclaimer:
Product details, including nutritional information and country of origin, may change from time to time and so the product you receive in your order may not reflect the information on this page. Please check the packaging on any product you purchase and if it's not what you expected, feel free to return it for a full refund.
Details
Country of Origin:
Made in Australia under license from local and imported ingredients
Dimensions:
260 x 225 x 113mm
Size:
180g
Code: 3574061P
3 5 7 4 0 6 1 P
Customers also purchased
French Fries Original Potato Chips 6 pack 111g on special
French Fries Original Potato Chips 6 pack
111g on special
buy any 2 for $7.00
Any 2
$ 7
regular price
$4.15 ea
each
111g $3.74 per 100G
Unit Price
Any 2 for $7.00 ...

Coles Potato Chips Crinkle Cut Original 20 pack 380g
Coles Potato Chips Crinkle Cut Original 20 pack
380g
$5.25
Until 02 May 2023
380g $1.38 per 100G
Unit Price
Add
1
for $5.25

Coles Popcorn 10 Pack 200g everyday product
Coles Popcorn 10 Pack
200g everyday product
$2.75
200g $1.38 per 100G
Unit Price
Add
1
for $2.75

Kettle Multipack 10 Pack 280g
Kettle Multipack 10 Pack
280g
$7.50
Until 30 Jun 2023
280g $2.68 per 100G
Unit Price
Add
1
for $7.50"	['/wcsstore/Coles-CAS/images/3/5/7/3574061-th.jpg', '/wcsstore/Coles-CAS/images/3/5/7/3574061_B-th.jpg']
Arnott's	Scotch Finger Minis Biscuits 8 pack	$ 3 .00	200g	$1.50 per 100G	"Nutrition Facts
Serving size: 1 serving = 25g
Qty
Quantity
per serving Qty
Quantity
per 100g / 100ml %
Percentage
daily intake*
Energy 510kJ 2040kJ 5.90%
Protein 1.4g 5.7g 2.80%
Total Fat 5.3g 21.3g 7.60%
Saturated Fat 3.1g 12.2g 12.70%
Carbohydrate 16.7g 66.8g 5.40%
Sugars 4.8g 19.0g 5.30%
Dietary Fibre Total 0.6g 2.4g 2.00%
Sodium 120mg 481mg 5.20%
*Percentage Daily Intake per serving. Percentage Daily Intakes are based on an average adult diet of 8700 kJ. Your daily intakes may be higher or lower depending on your energy needs.
Disclaimer:
Product details, including nutritional information and country of origin, may change from time to time and so the product you receive in your order may not reflect the information on this page. Please check the packaging on any product you purchase and if it's not what you expected, feel free to return it for a full refund.
Details
Country of Origin:
Made in Australia
Ingredients:
Wheat Flour, Sugar, Butter (12%) (Cream (From Milk), Salt), Vegetable Oil, Condensed Milk, Salt, Eggs, Baking Powder, Emulsifier (Soy Lecithin), Antioxidant (E307b From Soy).
Contains:
Egg, Gluten containing cereals (Wheat), Milk, and Soy.
Allergen:
May Be Present Sesame, Contains Egg, May Be Present Tree Nuts, May Be Present Peanuts, Contains Soy, Contains Wheat, Contains Milk, Contains Cereals Containing Gluten
Dietary:
No Preservatives
Servings Per Pack:
8.0
Storage Instructions:
Store in a cool, dry place.
Size:
8 Pack 200g
Warning:
Individual packs not for retail sale. Biscuits not actual size.
Code: 2992179P
2 9 9 2 1 7 9 P
Customers also purchased
Arnott's Crackers Crimpy Chicken Shapes 8 Pack 200g on special
Arnott's Crackers Crimpy Chicken Shapes 8 Pack
200g on special
$3.00
save
$1.50
200g $1.50 per 100G
Unit Price
3more varieties
of Arnott's Crackers Crimpy Chicken Shapes 8 Pack 200g on special
Add
1
for $3.00

Arnott's Minis Choc Chip Cookies 7 pack 175g on special
Arnott's Minis Choc Chip Cookies 7 pack
175g on special
$3.00
save
$1.50
175g $1.71 per 100G
Unit Price
Add
1
for $3.00

Arnott's Tiny Teddy Hundreds & Thousands Biscuits 8 pack 184g on special
Arnott's Tiny Teddy Hundreds & Thousands Biscuits 8 pack
184g on special
$3.00
save
$1.50
184g $1.63 per 100G
Unit Price
4more varieties
of Arnott's Tiny Teddy Hundreds & Thousands Biscuits 8 pack 184g on special
Add
1
for $3.00

Arnott's Multipack Bluey Biscuits Honey Oat 168g on special
Arnott's Multipack Bluey Biscuits Honey Oat
168g on special
$3.00
save
$1.50
168g $1.79 per 100G
Unit Price
Add
1
for $3.00"	['/wcsstore/Coles-CAS/images/2/9/9/2992179-th.jpg', '/wcsstore/Coles-CAS/images/2/9/9/2992179_L-th.jpg', '/wcsstore/Coles-CAS/images/2/9/9/2992179_R-th.jpg', '/wcsstore/Coles-CAS/images/2/9/9/2992179_B-th.jpg']
Arnott's	Crackers Original Bbq Shapes 8 Pack	$ 3 .00	200g	$1.50 per 100G	"Nutrition Facts
Serving size: 1 serving = 25g
Qty
Quantity
per serving Qty
Quantity
per 100g / 100ml %
Percentage
daily intake*
Energy 515kJ 2060kJ 5.9%
Protein 1.9g 7.5g 3.8%
Total Fat 5.6g 22.4g 8.0%
Saturated Fat 1.3g 5.2g 5.4%
Carbohydrate 15.8g 63.4g 5.1%
Sugars 0.2g 0.9g 0.2%
Dietary Fibre Total 0.9g 3.4g 3.0%
Sodium 171mg 685mg 7.4%
*Percentage Daily Intake per serving. Percentage Daily Intakes are based on an average adult diet of 8700 kJ. Your daily intakes may be higher or lower depending on your energy needs.
Disclaimer:
Product details, including nutritional information and country of origin, may change from time to time and so the product you receive in your order may not reflect the information on this page. Please check the packaging on any product you purchase and if it's not what you expected, feel free to return it for a full refund.
Details
Country of Origin:
Made in Australia
Ingredients:
Wheat Flour, Vegetable Oil, Starch (Wheat), Salt, Tomato Powder, Yeast, Garlic, Parsley, Sugar, Worcestershire Sauce, Onion Powder, Baking Powder, Natural Flavour, Vegetable Protein Extract (from Maize), Spices, Antioxidants (E300, E307b From Soy, E304), Flavour Enhancer (E635), Emulsifier (Soy Lecithin), Malt Extract (From Barley).
Contains:
Gluten containing Cereals and Soy.
Allergen:
May Be Present Milk, May Be Present Sesame, Contains Barley, May Be Present Tree Nuts, May Be Present Peanuts, Contains Soy, Contains Wheat, Contains Cereals Containing Gluten, May Be Present Egg
Servings Per Pack:
8.0
Storage Instructions:
Store in a cool, dry place.
Size:
8 Pack 200g
Warning:
Individual packs not for retail sale. Biscuits not actual size.
Code: 2992215P
2 9 9 2 2 1 5 P
Customers also purchased
Arnott's Crackers Original Pizza Shapes 8 Pack 200g on special
Arnott's Crackers Original Pizza Shapes 8 Pack
200g on special
$3.00
save
$1.50
200g $1.50 per 100G
Unit Price
3more varieties
of Arnott's Crackers Original Pizza Shapes 8 Pack 200g on special
Add
1
for $3.00

Arnott's Crackers Crimpy Chicken Shapes 8 Pack 200g on special
Arnott's Crackers Crimpy Chicken Shapes 8 Pack
200g on special
$3.00
save
$1.50
200g $1.50 per 100G
Unit Price
3more varieties
of Arnott's Crackers Crimpy Chicken Shapes 8 Pack 200g on special
Add
1
for $3.00

Arnott's Minis Choc Chip Cookies 7 pack 175g on special
Arnott's Minis Choc Chip Cookies 7 pack
175g on special
$3.00
save
$1.50
175g $1.71 per 100G
Unit Price
Add
1
for $3.00

Arnott's Shapes Vegemite & Cheese 8 pack 200g on special
Arnott's Shapes Vegemite & Cheese 8 pack
200g on special
$3.00
save
$1.50
200g $1.50 per 100G
Unit Price
3more varieties
of Arnott's Shapes Vegemite & Cheese 8 pack 200g on special
Add
1
for $3.00"	['/wcsstore/Coles-CAS/images/2/9/9/2992215-th.jpg', '/wcsstore/Coles-CAS/images/2/9/9/2992215_L-th.jpg', '/wcsstore/Coles-CAS/images/2/9/9/2992215_R-th.jpg', '/wcsstore/Coles-CAS/images/2/9/9/2992215_B-th.jpg']
Uncle Tobys	Le Snak Tasty Cheese 6 Pack	$ 5 .00	132g	$3.79 per 100G	"Nutrition Facts
Serving size: 1 serving = 22 g
Qty
Quantity
per serving Qty
Quantity
per 100g / 100ml %
Percentage
daily intake*
Energy 356 kJ 1620 kJ 4%
Protein 2.4 g 11.1 g 5%
Total Fat 5.1g 23.5 g 7%
Saturated Fat 2.6 g 11.6 g 11%
Carbohydrate 7 g 31.7 g 2%
Sugars 1.1 g 5.1 g 1%
Dietary Fibre Total 0.6 g 2.5 g 2%
Sodium 175 mg 805 mg 8%
Calcium 101 mg 460 mg 13%
*Percentage Daily Intake per serving. Percentage Daily Intakes are based on an average adult diet of 8700 kJ. Your daily intakes may be higher or lower depending on your energy needs.
Disclaimer:
Product details, including nutritional information and country of origin, may change from time to time and so the product you receive in your order may not reflect the information on this page. Please check the packaging on any product you purchase and if it's not what you expected, feel free to return it for a full refund.
Details
Country of Origin:
Made in Australia
Ingredients:
Cheese Spread [Cheddar Cheese (47%)( Milk , Salt, Starter Culture), Water, Margarine (Vegetable Oils, Water, Salt, Milk Solids, Emulsifiers [ Soy Lecithin, 471], Antioxidants [304, 307b]), Whey Powder ( Milk ), Flavour ( Milk ), Milk Mineral, Mineral Salts (339, 452), Preservative (234)]. Cracker [ Wheat Flour, Vegetable Fats and Oils (Antioxidants [307, 307b]), Wholemeal Wheat Flour, Sugar, Wheat Bran, Invert Syrup, Salt, Raising Agents (503, 500), Poppy Seeds, Wheat Germ]. Contains: Gluten (Wheat), Milk and Soy. May Contain Egg, Tree Nuts and Peanuts.
Allergen:
Contains Soybean, May Be Present Nuts, May Be Present Peanuts, Contains Gluten, Contains Wheat, Contains Milk, May Be Present Egg
Servings Per Pack:
6.0
Storage Instructions:
Store in A Cool Dry Place. Do Not Store Above 22c
Size:
132 g
Code: 4954750P
4 9 5 4 7 5 0 P
Customers also purchased
Coles Cheese Spread & Crispbread Snacks 12 Pack 300g
Coles Cheese Spread & Crispbread Snacks 12 Pack
300g
$4.50
Until 02 May 2023
300g $1.50 per 100G
Unit Price
Add
1
for $4.50

Uncle Tobys Le Snak Cheddar Cheese 132g
Uncle Tobys Le Snak Cheddar Cheese
132g
$5.00
132g $3.79 per 100G
Unit Price
4.6 (17)
4.6 out of 5 stars from 17 ratings received
Add
1
for $5.00

Uncle Tobys Le Snak French Onion 132g
Uncle Tobys Le Snak French Onion
132g
$5.00
132g $3.79 per 100G
Unit Price
5.0 (6)
5.0 out of 5 stars from 6 ratings received
Add
1
for $5.00

Le Snak Tasty Cheese 6 Pack
Reviews
Rating Snapshot
Select a row below to filter reviews.
5
stars
38
38 reviews with 5 stars.
Select to filter reviews with 5 stars.
4
stars
17
17 reviews with 4 stars.
Select to filter reviews with 4 stars.
3
stars
6
6 reviews with 3 stars.
Select to filter reviews with 3 stars.
2
stars
2
2 reviews with 2 stars.
Select to filter reviews with 2 stars.
1
stars
0
0 reviews with 1 star.
Select to filter reviews with 1 star.
Average Customer Ratings
Overall


4.4
Overall, average rating value is 4.4 of 5.
18 of 63 Reviews  
Sort by: Most Recent

Menu

Clicking on the following button will update the content below
SickCvxnt
Berwick
Review 1
Votes 0


5 out of 5 stars.
 16 days ago  
W School snack
Bro im eating this right now and its really good for some reason.
 Yes, I recommend this product.
Originally posted on Uncle Toby's
Tessa
Qld
Review 1
Votes 0


5 out of 5 stars.
 21 days ago  
Tasty
I have enjoyed these as a light afternoon snack instead of lollies
 Yes, I recommend this product.
Originally posted on Uncle Toby's
Quoll68
Cairns, QLD
Review 1
Votes 0


5 out of 5 stars.
 25 days ago  
Easy Tasty Snacks
The Le Snak Tasty Cheese 'dip and crackers' come in an easy open and store box. The crackers have a good flavour and crunch, and pair perfectly with the yummy tasty cheese spread. There's enough for each cracker in each small pack. Great snacks and very tasty!
 Yes, I recommend this product.
Originally posted on Uncle Toby's
Holl
Perth, WA
Review 1
Votes 0


2 out of 5 stars.
 a month ago  
Great crackers but there's not enough of them!
I was so excited to have a Le Snak as an adult after growing up having them in my lunchbox frequently as a child, however I was a bit underwhelmed. I loved the taste and texture of the crackers but found there weren't enough of them in the pack (only 3) and the cheese smelt and tasted very artificial. If I were to make any adjustments, I would increase the number of crackers and improve the taste and flavour of the cheese.
 No, I do not recommend this product.
Originally posted on Uncle Toby's
Response from Uncle Toby's:
Danielle - Brand Ambassador  21 days ago  
Thanks for taking the time to share your thoughts. Its great to hear youve enjoyed the crackers although were sorry that you havent loved the dip. Uncle Tobys Tasty Cheese Le Snak is made with real tasty cheese and doesn't contain any artificial colours or flavours. We also appreciate your feedback that youd like to see more crackers in this snack!
ChocFrog
Melbourne, Australia
Review 1
Votes 0


5 out of 5 stars.
 a month ago  
Great to grab & go!
These are great to put in lunch boxes or to keep handy in your bag for a quick, healthy snack. The cheese is lovely and creamy and has good flavour to it and the biscuits are light and crisp and even taste good on their own.
 Yes, I recommend this product.
Originally posted on Uncle Toby's
Liss
Darwin NT
Review 1
Votes 0


5 out of 5 stars.
 a month ago  
Great taste!
Great for a quick savoury snack. Convenient, can take it with me anywhere, easy to store. Easy to eat. Crackers are crispy without being hard or dry. Cheese dip has a delicious flavour. Great combination.
 Yes, I recommend this product.
Originally posted on Uncle Toby's
Yolly
Sydney Australia
Review 1
Votes 0


5 out of 5 stars.
 a month ago  
Tasty
My kids love it. Great flavour. Nice to have on picnics, or any day out. Will be a favourite on lunch boxes for sure
 Yes, I recommend this product.
Originally posted on Uncle Toby's
Itsame
Melbourne Australia
Review 1
Votes 0


5 out of 5 stars.
 a month ago  
Great small snack to get through the afternoon
This was a surprisingly tasty product that did a great job at beating 3:30itis. It is enough of a flavour hit to keep you happy but doesn't ruin the afternoon by snakcing excessively. I will likely track this down again and enjoy on more hungry afternoons!
Originally posted on Uncle Toby's
18 of 63 Reviews  
Previous Reviews

Next Reviews
"	['/wcsstore/Coles-CAS/images/4/9/5/4954750-th.jpg', '/wcsstore/Coles-CAS/images/4/9/5/4954750_R-th.jpg']
Arnott's	Tiny Teddy Hundreds & Thousands Biscuits 8 pack	$ 3 .00	184g	$1.63 per 100G	"Nutrition Facts
Serving size: 1 serving = 23g
Qty
Quantity
per serving Qty
Quantity
per 100g / 100ml %
Percentage
daily intake*
Energy 423kJ 1840kJ 4.90%
Protein 1.1g 5.0g 2.30%
Total Fat 2.9g 12.5g 4.10%
Saturated Fat 1.5g 6.6g 6.40%
Carbohydrate 17.0g 74.1g 5.50%
Sugars 6.7g 29.3g 7.50%
Dietary Fibre Total 1.1g 4.6g 3.70%
Sodium 67mg 292mg 2.90%
*Percentage Daily Intake per serving. Percentage Daily Intakes are based on an average adult diet of 8700 kJ. Your daily intakes may be higher or lower depending on your energy needs.
Disclaimer:
Product details, including nutritional information and country of origin, may change from time to time and so the product you receive in your order may not reflect the information on this page. Please check the packaging on any product you purchase and if it's not what you expected, feel free to return it for a full refund.
Details
Country of Origin:
Made in Australia
Ingredients:
Wheat Flour, Sugar, Vegetable Oil (Contains Soy), Butter (Cream (From Milk), Salt), Honey, Vegetable Fibre, Starches (Tapioca, Wheat, Maize Starch), Salt, Food Colours (Cochineal, Paprika Extract, Copper Chlorophyll, Turmeric), Emulsifier (Soy Lecithin), Baking Powder, Modified Starch (E1422), Natural Flavour, Glazing Agent (E904).
Contains:
Gluten containing Cereals (Wheat), Milk and Soy.
Allergen:
May Be Present Sesame, May Be Present Tree Nuts, May Be Present Peanuts, Contains Soy, Contains Wheat, Contains Milk, Contains Cereals Containing Gluten, May Be Present Egg
Dietary:
No Preservatives
Servings Per Pack:
8.0
Storage Instructions:
Store in a cool, dry place.
Usage Instructions:
To open, push then pull.
Size:
8 Pack 184g
Warning:
Caution! Tiny Teddy Biscuits are small in size & required chewing. They should not be consumed by children under 3 years. Biscuits not actual size. Individual packs not for retail sale.
Code: 2992099P
2 9 9 2 0 9 9 P
Customers also purchased
Arnott's Crackers Original Pizza Shapes 8 Pack 200g on special
Arnott's Crackers Original Pizza Shapes 8 Pack
200g on special
$3.00
save
$1.50
200g $1.50 per 100G
Unit Price
3more varieties
of Arnott's Crackers Original Pizza Shapes 8 Pack 200g on special
Add
1
for $3.00

Arnott's Crackers Crimpy Chicken Shapes 8 Pack 200g on special
Arnott's Crackers Crimpy Chicken Shapes 8 Pack
200g on special
$3.00
save
$1.50
200g $1.50 per 100G
Unit Price
3more varieties
of Arnott's Crackers Crimpy Chicken Shapes 8 Pack 200g on special
Add
1
for $3.00

Arnott's Scotch Finger Minis Biscuits 8 pack 200g on special
Arnott's Scotch Finger Minis Biscuits 8 pack
200g on special
$3.00
save
$1.50
200g $1.50 per 100G
Unit Price
1more size
of Arnott's Scotch Finger Minis Biscuits 8 pack 200g on special
Add
1
for $3.00

Arnott's Tiny Teddy Chocolate Biscuits 8 pack 200g on special
Arnott's Tiny Teddy Chocolate Biscuits 8 pack
200g on special
$3.00
save
$1.50
200g $1.50 per 100G
Unit Price
5more sizes and varieties
of Arnott's Tiny Teddy Chocolate Biscuits 8 pack 200g on special
Add
1
for $3.00"	['/wcsstore/Coles-CAS/images/2/9/9/2992099-th.jpg', '/wcsstore/Coles-CAS/images/2/9/9/2992099_L-th.jpg', '/wcsstore/Coles-CAS/images/2/9/9/2992099_R-th.jpg', '/wcsstore/Coles-CAS/images/2/9/9/2992099_B-th.jpg']
Nutella	B-Ready Biscuit Multipack 6x22g	$ 5 .00	132g	$3.79 per 100G	"Disclaimer:
Product details, including nutritional information and country of origin, may change from time to time and so the product you receive in your order may not reflect the information on this page. Please check the packaging on any product you purchase and if it's not what you expected, feel free to return it for a full refund.
Details
Ingredients:
INGREDIENTS: SUGAR, VEGETABLE OIL (PALM*), HAZELNUTS (13%), SKIM MILK POWDER (8.7%), FAT-REDUCED COCOA POWDER (7.4%), EMULSIFIER (LECITHINS) (SOY), FLAVOURING (VANILLIN). TOTAL MILK SOLIDS: 8.7%. TOTAL COCOA SOLIDS: 7.4%. *SUSTAINABLE AND SEGREGATED CERTIFIED PALM OIL.
Allergen:
Contains Hazelnuts, Contains Soy, Contains Milk
Servings Per Pack:
6.0
Storage Instructions:
NO NEED FOR REFRIGERATION STORE AT ROOM TEMPERATURE IN A COOL DRY PLACE AWAY FROM SUNLIGHT AND OTHER HEAT SOURCES (at a temperature between 18C and 20C).
Suitable for:
Vegitarians
Size:
6 Pack 132g
Code: 3935909P
3 9 3 5 9 0 9 P
Customers also purchased
Kinder Happy Hippo Hazelnut Biscuit Bar 5 Pack 105g
Kinder Happy Hippo Hazelnut Biscuit Bar 5 Pack
105g
$5.00
105g $4.76 per 100G
Unit Price
Add
1
for $5.00

Kinder Happy Hippo Cocoa Biscuit Bar 5 Pack 105g
Kinder Happy Hippo Cocoa Biscuit Bar 5 Pack
105g
$5.00
105g $4.76 per 100G
Unit Price
Add
1
for $5.00"	[]
Arnott's	Multipack Bluey Biscuits Honey Oat	$ 3 .00	168g	$1.79 per 100G	"Nutrition Facts
Serving size: 1 serving = 21g
Qty
Quantity
per serving Qty
Quantity
per 100g / 100ml %
Percentage
daily intake*
Energy 393kJ 1870kJ 4.50%
Protein 1.5g 7.1g 3.00%
Total Fat 3.0g 14.3g 4.30%
Saturated Fat 0.8g 3.7g 3.30%
Carbohydrate 14.6g 69.4g 4.70%
Sugars 4.3g 20.7g 4.80%
Dietary Fibre Total 1.1g 5.5g 3.70%
Sodium 12mg 58mg 0.50%
*Percentage Daily Intake per serving. Percentage Daily Intakes are based on an average adult diet of 8700 kJ. Your daily intakes may be higher or lower depending on your energy needs.
Disclaimer:
Product details, including nutritional information and country of origin, may change from time to time and so the product you receive in your order may not reflect the information on this page. Please check the packaging on any product you purchase and if it's not what you expected, feel free to return it for a full refund.
Details
Country of Origin:
Made in Australia
Ingredients:
Wheat Flour, Sugar, Vegetable Oil, (Antioxidant (E307b from Soy), Honey (5%), Oats (4%), Milk Solids, Vegetable Fibre, Emulsifier (Soy Lecithin), Wheat Starch, Baking Powder, Natural Flavour.
Contains:
Wheat, Gluten (Oats), Soy, Milk
Allergen:
May Be Present Sesame, May Be Present Tree Nuts, May Be Present Peanuts, Contains Gluten, Contains Soy, Contains Wheat, Contains Milk, Contains Oats, May Be Present Egg
Dietary:
No Preservatives, No Artificial Flavours or Colours
Servings Per Pack:
8.0
Storage Instructions:
Store in a cool, dry place.
Usage Instructions:
To open Push then Pull.
Size:
168g
Warning:
Caution! 0-3 Yrs Biscuits are small in size and require chewing. They should not be consumed by children under 3 years. Do not purchase if pack is open or torn. Individual packs not for retail sale. Biscuits not actual size.
Code: 5311245P
5 3 1 1 2 4 5 P
Customers also purchased
Arnott's Scotch Finger Minis Biscuits 8 pack 200g on special
Arnott's Scotch Finger Minis Biscuits 8 pack
200g on special
$3.00
save
$1.50
200g $1.50 per 100G
Unit Price
1more size
of Arnott's Scotch Finger Minis Biscuits 8 pack 200g on special
Add
1
for $3.00

Arnott's Multipack Bluey Crackers Pizza 168g on special
Arnott's Multipack Bluey Crackers Pizza
168g on special
$3.00
save
$1.50
168g $1.79 per 100G
Unit Price
Add
1
for $3.00"	['/wcsstore/Coles-CAS/images/5/3/1/5311245-th.jpg', '/wcsstore/Coles-CAS/images/5/3/1/5311245_L-th.jpg', '/wcsstore/Coles-CAS/images/5/3/1/5311245_R-th.jpg', '/wcsstore/Coles-CAS/images/5/3/1/5311245_B-th.jpg']
Nature Valley	Crunchy Oats & Honey 6 Twin Bars	$ 6 .50	252g	$2.58 per 100G	"Nutrition Facts
Serving size: 1 serving = 42g
Qty
Quantity
per serving Qty
Quantity
per 100g / 100ml %
Percentage
daily intake*
Energy 823kJ 1960kJ 9%
Protein 3.7g 8.7g 7%
Total Fat 7.6g 18.1g 11%
Saturated Fat 0.9g 2.2g 4%
Carbohydrate 27g 64.3g 9%
Sugars 11.3g 26.8g 13%
Dietary Fibre Total 2.7g 6.4g 9%
Sodium 143mg 341mg 6%
*Percentage Daily Intake per serving. Percentage Daily Intakes are based on an average adult diet of 8700 kJ. Your daily intakes may be higher or lower depending on your energy needs.
Disclaimer:
Product details, including nutritional information and country of origin, may change from time to time and so the product you receive in your order may not reflect the information on this page. Please check the packaging on any product you purchase and if it's not what you expected, feel free to return it for a full refund.
Details
Country of Origin:
Made in Spain
Ingredients:
Whole Grain Rolled Oats (60%), Sugar, Sunflower Oil, Honey (3%), Salt, Molasses, Emulsifier (Sunflower Lecithin), Raising Agent (Sodium Bicarbonate)
Allergen:
May Contain Soybean, May Contain Peanuts, May Contain Wheat, May Contain Tree Nuts, Contains Oats
Dietary:
No Preservatives
Servings Per Pack:
6.0
Dimensions:
137 x 154 x 46mm
Usage Instructions:
Servings per package: 6, Serving size: 42 g (2 Bars)
Size:
252g
Code: 3585024P
3 5 8 5 0 2 4 P
Customers also purchased
Carman's Almond Hazelnut & Vanilla Nut Bar 175g
Carman's Almond Hazelnut & Vanilla Nut Bar
175g
$6.50
175g $3.71 per 100G
Unit Price
Add
1
for $6.50

Nature Valley Salted Caramel Protein Bar 160g
Nature Valley Salted Caramel Protein Bar
160g
$5.00
Until 02 May 2023
Was $6.50 Jan 2023
160g $3.13 per 100G
Unit Price
Add
1
for $5.00

Nature Valley Crunchy Canadian Maple Syrup 6 Twin Bars 252g
Nature Valley Crunchy Canadian Maple Syrup 6 Twin Bars
252g
$6.50
252g $2.58 per 100G
Unit Price
Add
1
for $6.50

Nature Valley Crunchy Variety 6 Twin Bars 252g
Nature Valley Crunchy Variety 6 Twin Bars
252g
$6.50
252g $2.58 per 100G
Unit Price
Add
1
for $6.50"	['/wcsstore/Coles-CAS/images/3/5/8/3585024-th.jpg', '/wcsstore/Coles-CAS/images/3/5/8/3585024_L-th.jpg', '/wcsstore/Coles-CAS/images/3/5/8/3585024_R-th.jpg', '/wcsstore/Coles-CAS/images/3/5/8/3585024_B-th.jpg']
Nice & Natural	Roasted Cashew Milk Chocolate Peanut Bars 6 Pack	$ 2 .50	192g	$1.30 per 100G	"Disclaimer:
Product details, including nutritional information and country of origin, may change from time to time and so the product you receive in your order may not reflect the information on this page. Please check the packaging on any product you purchase and if it's not what you expected, feel free to return it for a full refund.
Details
Country of Origin:
Made in New Zealand from Imported and Local Ingredients
Dimensions:
125 x 35 x 170mm
Size:
192g
Code: 2605873P
2 6 0 5 8 7 3 P
Customers also purchased
Nice & Natural Trail Mix Nut Bars 192g on special
Nice & Natural Trail Mix Nut Bars
192g on special
$2.50
save
$2.50
192g $1.30 per 100G
Unit Price
Add
1
for $2.50

Nice & Natural Chocolate Peanut & Almond Nut Bars 180g on special
Nice & Natural Chocolate Peanut & Almond Nut Bars
180g on special
$2.50
save
$2.50
180g $1.39 per 100G
Unit Price
Add
1
for $2.50

Nice & Natural Real Milk Chocolate Roasted Nut Bars 6 pack 192g on special
Nice & Natural Real Milk Chocolate Roasted Nut Bars 6 pack
192g on special
$2.50
save
$2.50
192g $1.30 per 100G
Unit Price
Add
1
for $2.50

Nice & Natural Mixed Berry Roasted Nut Bars 6 pack 192g on special
Nice & Natural Mixed Berry Roasted Nut Bars 6 pack
192g on special
$2.50
save
$2.50
192g $1.30 per 100G
Unit Price
Add
1
for $2.50"	['/wcsstore/Coles-CAS/images/2/6/0/2605873-th.jpg', '/wcsstore/Coles-CAS/images/2/6/0/2605873_L-th.jpg', '/wcsstore/Coles-CAS/images/2/6/0/2605873_R-th.jpg', '/wcsstore/Coles-CAS/images/2/6/0/2605873_B-th.jpg']
Messy Monkeys	Bites Burger 6X20g	$ 6 .00	120g	$5.00 per 100G	"Disclaimer:
Product details, including nutritional information and country of origin, may change from time to time and so the product you receive in your order may not reflect the information on this page. Please check the packaging on any product you purchase and if it's not what you expected, feel free to return it for a full refund.
Details
Size:
120g
Code: 4470968P
4 4 7 0 9 6 8 P
Customers also purchased
Messy Monkeys Bites Cheese 6X20g 120g
Messy Monkeys Bites Cheese 6X20g
120g
$6.00
120g $5.00 per 100G
Unit Price
Add
1
for $6.00

Messy Monkeys Bites Chicken 6X20g 120g
Messy Monkeys Bites Chicken 6X20g
120g
$6.00
120g $5.00 per 100G
Unit Price
Add
1
for $6.00

Messy Monkeys Vanilla Rice Puff Bars 6X20g 120g
Messy Monkeys Vanilla Rice Puff Bars 6X20g
120g
$6.00
120g $5.00 per 100G
Unit Price
Add
1
for $6.00

Messy Monkeys Chocolate Rice Puff Bar 6x20g 120g
Messy Monkeys Chocolate Rice Puff Bar 6x20g
120g
$6.00
120g $5.00 per 100G
Unit Price
Add
1
for $6.00"	['/wcsstore/Coles-CAS/images/4/4/7/4470968-th.jpg', '/wcsstore/Coles-CAS/images/4/4/7/4470968_L-th.jpg', '/wcsstore/Coles-CAS/images/4/4/7/4470968_R-th.jpg', '/wcsstore/Coles-CAS/images/4/4/7/4470968_B-th.jpg']
Kinder	Happy Hippo Cocoa Biscuit Bar 5 Pack	$ 5 .00	105g	$4.76 per 100G	"Nutrition Facts
Serving size: 1 serving = 20.7g
Qty
Quantity
per serving Qty
Quantity
per 100g / 100ml %
Percentage
daily intake*
Energy 509kJ 2453kJ 6%
Protein 1.4g 6.7g 3%
Total Fat 8g 38.6g 11%
Saturated Fat 3.6g 17.6g 15%
Carbohydrate 11.1g 53.6g 4%
Sugars 9.3g 45.1g 10%
Sodium 22mg 104mg 1%
*Percentage Daily Intake per serving. Percentage Daily Intakes are based on an average adult diet of 8700 kJ. Your daily intakes may be higher or lower depending on your energy needs.
Disclaimer:
Product details, including nutritional information and country of origin, may change from time to time and so the product you receive in your order may not reflect the information on this page. Please check the packaging on any product you purchase and if it's not what you expected, feel free to return it for a full refund.
Details
Ingredients:
Sugar, Vegetable Fats (Palm*, Shea), Wheat Flour, Whole Milk Powder, Fat-Reduced Cocoa Powder, Skim Milk Powder, Hazelnuts, Whey Powder, Dark Chocolate (Sugar, Cocoa Mass, Cocoa Butter, Emulsifier: Lecithin (Soy), Flavouring: Vanillin), Wheat Starch, Emulsifier (Lecithins) (Soy), Vegetable Oil, Whey Protein Concentrate, Raising Agents (Ammonium Bicarbonate, Sodium Bicarbonate), Salt, Flavouring (Vanillin). *Sustainable and segregated certified palm oil.
Contains:
Wheat (Gluten, Whey), Milk, Hazelnut, Soy. Total Milk Solids: 12%. Total Cocoa Solids: 5%. Wafer: 12%. Dark Chocolate Contains 50% of Cocoa Solids.
Allergen:
Contains Whey, Contains Hazelnuts, Contains Gluten, Contains Soy, Contains Wheat, Contains Milk
Storage Instructions:
Store in cool dry place, away from direct sunlight.
Suitable for:
Families
Size:
103.5g
Code: 4232620P
4 2 3 2 6 2 0 P
Customers also purchased
Coles Mini Cream Wafers Biscuits Multipack 175g everyday product
Coles Mini Cream Wafers Biscuits Multipack
175g everyday product
$2.90
175g $1.66 per 100G
Unit Price
Add
1
for $2.90

Nutella B-Ready Biscuit Multipack 6x22g 132g
Nutella B-Ready Biscuit Multipack 6x22g
132g
$5.00
132g $3.79 per 100G
Unit Price
Add
1
for $5.00

Kinder Happy Hippo Hazelnut Biscuit Bar 5 Pack 105g
Kinder Happy Hippo Hazelnut Biscuit Bar 5 Pack
105g
$5.00
105g $4.76 per 100G
Unit Price
Add
1
for $5.00"	[]
Uncle Tobys	Le Snak French Onion	$ 5 .00	132g	$3.79 per 100G	"Nutrition Facts
Serving size: 1 serving = 22 g
Qty
Quantity
per serving Qty
Quantity
per 100g / 100ml %
Percentage
daily intake*
Energy 359 kJ 1630 kJ 4%
Protein 2.5 g 11.3 g 5%
Total Fat 5.3g 24 g 8%
Saturated Fat 2.6 g 11.9 g 11%
Carbohydrate 6.9 g 31.2 g 2%
Sugars 1 g 4.6 g 1%
Dietary Fibre Total 0.6 g 2.5 g 2%
Sodium 175 mg 800 mg 8%
Calcium 101 mg 460 mg 13%
*Percentage Daily Intake per serving. Percentage Daily Intakes are based on an average adult diet of 8700 kJ. Your daily intakes may be higher or lower depending on your energy needs.
Disclaimer:
Product details, including nutritional information and country of origin, may change from time to time and so the product you receive in your order may not reflect the information on this page. Please check the packaging on any product you purchase and if it's not what you expected, feel free to return it for a full refund.
Details
Country of Origin:
Made in Australia
Ingredients:
Cheese Spread [Cheddar Cheese (49%)( Milk , Salt, Starter Culture), Water, Margarine (Vegetable Oils, Water, Salt, Milk Solids, Emulsifiers [ Soy Lecithin, 471], Antioxidants [304, 307b]), Whey Powder ( Milk ), Milk Mineral, Mineral Salts (339, 452), Onion Powder (0.8%), Preservative (234)]. Cracker [ Wheat Flour, Vegetable Fats and Oils (Antioxidants [307, 307b]), Wholemeal Wheat Flour, Sugar, Wheat Bran, Invert Syrup, Salt, Raising Agents (503, 500), Poppy Seeds, Wheat Germ]. Contains: Gluten (Wheat), Milk and Soy. May Contain Egg, Tree Nuts and Peanuts.
Allergen:
Contains Soybean, May Be Present Nuts, May Be Present Peanuts, Contains Gluten, Contains Wheat, Contains Milk, May Be Present Egg
Servings Per Pack:
6.0
Storage Instructions:
Store in A Cool Dry Place. Do Not Store Above 22c
Size:
132 g
Code: 3022371P
3 0 2 2 3 7 1 P
Customers also purchased
Uncle Tobys Le Snak Tasty Cheese 6 Pack 132g
Uncle Tobys Le Snak Tasty Cheese 6 Pack
132g
$5.00
132g $3.79 per 100G
Unit Price
4.4 (63)
4.4 out of 5 stars from 63 ratings received
Add
1
for $5.00

Uncle Tobys Le Snak French Onion Cheese Dip And Crackers 12 pack 264g
Uncle Tobys Le Snak French Onion Cheese Dip And Crackers 12 pack
264g
$8.00
Until 02 May 2023
Was $9.00 Jan 2023
264g $3.03 per 100G
Unit Price
Add
1
for $8.00

Uncle Tobys Le Snak Cheddar Cheese 132g
Uncle Tobys Le Snak Cheddar Cheese
132g
$5.00
132g $3.79 per 100G
Unit Price
4.6 (17)
4.6 out of 5 stars from 17 ratings received
Add
1
for $5.00

Le Snak French Onion
Reviews
Rating Snapshot
Select a row below to filter reviews.
5
stars
6
6 reviews with 5 stars.
Select to filter reviews with 5 stars.
4
stars
0
0 reviews with 4 stars.
Select to filter reviews with 4 stars.
3
stars
0
0 reviews with 3 stars.
Select to filter reviews with 3 stars.
2
stars
0
0 reviews with 2 stars.
Select to filter reviews with 2 stars.
1
stars
0
0 reviews with 1 star.
Select to filter reviews with 1 star.
Average Customer Ratings
Overall


5.0
Overall, average rating value is 5 of 5.
16 of 6 Reviews  
Sort by: Most Recent

Menu

Clicking on the following button will update the content below
Rrrogers
Tasmania
Review 1
Votes 0


5 out of 5 stars.
 a month ago  
The best
How great would it be for uncle Tobys to make bigger portions of these? Full sized packets of crackers and big dips?
 Yes, I recommend this product.
Originally posted on Uncle Toby's
New ZealandLe Snak Lover
New Zealand
Review 1
Votes 0


5 out of 5 stars.
 6 months ago  
I love Le Snak (NZ)
The flavour of New Zealand's Le Snak is incomparable to anything else. Please don't discontinue NZ Le Snak - my favourite Snak.
 Yes, I recommend this product.
Originally posted on Uncle Toby's
Stevo3239
pluto, solar system
Review 1
Votes 0


5 out of 5 stars.
 6 months ago  
So attractive
every time I consume a Le Snak French Onion I feel something rise within me, I love Le Snak French Onion so much whenever my wife asks what is for lunch and dinner and breakfast, I always respond promptly with Le Snak French Onion, thank you for being created with the miracle hand of god that thought of you Le Snak French Onion. as I always say, once you Le Snak you never go bak
 Yes, I recommend this product.
Originally posted on Uncle Toby's
Wignella
Euroa
Review 1
Votes 0


5 out of 5 stars.
 a year ago  
These are my favourites
French onion the best and biscuits. If only we could buy them in bigger packs or the cheese as a block yummy. Thank you for such great snacks
 Yes, I recommend this product.
Originally posted on Uncle Toby's
Sarahlouise
Narre Warren
Review 1
Votes 0


5 out of 5 stars.
 2 years ago  
Give me 6 more biscuits!!!!
I live these so much but there is never enough!! Thanks guys
Originally posted on Uncle Toby's
The Orm$bu$ine$$
Hallett Cove
Review 1
Votes 0


5 out of 5 stars.
 2 years ago  
GR8TST SNACK OF ALL TIME, 100% WOULD LeSNAK AGAIN
I have never enjoyed a snack more in my entire life than I have this flavour of LeSnak, it's not only improved my day, it's made me a better person. God bless you LeSnak.
 Yes, I recommend this product.
Originally posted on Uncle Toby's"	[]
Arnott's	Multipack Bluey Crackers Pizza	$ 3 .00	168g	$1.79 per 100G	"Nutrition Facts
Serving size: 1 serving = 21g
Qty
Quantity
per serving Qty
Quantity
per 100g / 100ml %
Percentage
daily intake*
Energy 412kJ 1960kJ 4.70%
Protein 1.4g 6.7g 2.80%
Total Fat 4.5g 21.5g 6.40%
Saturated Fat 0.5g 2.2g 1.90%
Carbohydrate 12.0g 57.1g 3.90%
Sugars 0.4g 1.9g 0.40%
Dietary Fibre Total 2.2g 10.5g 7.30%
Sodium 94mg 447mg 4.10%
*Percentage Daily Intake per serving. Percentage Daily Intakes are based on an average adult diet of 8700 kJ. Your daily intakes may be higher or lower depending on your energy needs.
Disclaimer:
Product details, including nutritional information and country of origin, may change from time to time and so the product you receive in your order may not reflect the information on this page. Please check the packaging on any product you purchase and if it's not what you expected, feel free to return it for a full refund.
Details
Country of Origin:
Made in Australia
Ingredients:
Wheat Flour, Vegetable Oil, Vegetable Fibre, Salt, Yeast, Sugar, Herb Extract, Tomato Powder, Natural Flavour, Garlic Powder, Onion Powder, Food Acid (Citric Acid), Food Colour (Paprika Extract), Spice Extract, Herbs.
Contains:
Wheat, Gluten
Allergen:
May Be Present Milk, May Be Present Sesame, May Be Present Soy, May Be Present Tree Nuts, May Be Present Peanuts, Contains Gluten, Contains Wheat, May Be Present Egg
Dietary:
No Preservatives, No Artificial Flavours or Colours
Servings Per Pack:
8.0
Storage Instructions:
Store in a cool, dry place.
Usage Instructions:
To open Push then Pull.
Size:
168g
Warning:
Caution! 0-3 Yrs Biscuits are small in size and require chewing. They should not be consumed by children under 3 years. Do not purchase if pack is open or torn. Individual packs not for retail sale. Biscuits not actual size.
Code: 5288518P
5 2 8 8 5 1 8 P
Customers also purchased
Arnott's Shapes Vegemite & Cheese 8 pack 200g on special
Arnott's Shapes Vegemite & Cheese 8 pack
200g on special
$3.00
save
$1.50
200g $1.50 per 100G
Unit Price
3more varieties
of Arnott's Shapes Vegemite & Cheese 8 pack 200g on special
Add
1
for $3.00

Arnott's Multipack Bluey Biscuits Honey Oat 168g on special
Arnott's Multipack Bluey Biscuits Honey Oat
168g on special
$3.00
save
$1.50
168g $1.79 per 100G
Unit Price
Add
1
for $3.00"	['/wcsstore/Coles-CAS/images/5/2/8/5288518-th.jpg', '/wcsstore/Coles-CAS/images/5/2/8/5288518_L-th.jpg', '/wcsstore/Coles-CAS/images/5/2/8/5288518_R-th.jpg', '/wcsstore/Coles-CAS/images/5/2/8/5288518_B-th.jpg']
Arnott's	Shapes Vegemite & Cheese 8 pack	$ 3 .00	200g	$1.50 per 100G	"Nutrition Facts
Serving size: 1 serving = 25g
Qty
Quantity
per serving Qty
Quantity
per 100g / 100ml %
Percentage
daily intake*
Energy 513kJ 2050kJ 5.9%
Protein 2.0g 8.1g 4.1%
Total Fat 5.4g 21.6g 7.7%
Saturated Fat 0.8g 3.2g 3.3%
Carbohydrate 15.9g 63.8g 5.1%
Sugars 0.1g 0.5g 0.2%
Dietary Fibre Total 0.8g 3.3g 2.7%
Sodium 130mg 520mg 5.7%
*Percentage Daily Intake per serving. Percentage Daily Intakes are based on an average adult diet of 8700 kJ. Your daily intakes may be higher or lower depending on your energy needs.
Disclaimer:
Product details, including nutritional information and country of origin, may change from time to time and so the product you receive in your order may not reflect the information on this page. Please check the packaging on any product you purchase and if it's not what you expected, feel free to return it for a full refund.
Details
Country of Origin:
Made in Australia
Ingredients:
Wheat Flour, Vegetable Oil, Vegemite (3%) (Contains Yeast Extract (From Yeast Grown On Barley And Wheat)), Colour (Caramel Ill), Natural Flavours), Cornflour (Maize), Cheese (1%) (Contains: Milk), Salt, Natural Flavour, Yeast, Baking Powder, Milk Solids, Antioxidants (E307b From Soy, E304), Emulsifier (Soy Lecithin).
Contains:
Gluten containing Cereals (Wheat and Barley), Milk and Soy.
Allergen:
May Be Present Sesame, Contains Barley, May Be Present Tree Nuts, May Be Present Peanuts, Contains Soy, Contains Wheat, Contains Milk, Contains Cereals Containing Gluten, May Be Present Egg
Servings Per Pack:
8.0
Storage Instructions:
To maintain freshness, store in a cool, dry place in an airtight, light proof container.
Size:
8 Pack 200g
Warning:
Individual packs not for retail sale. Biscuits not actual size.
Code: 2992248P
2 9 9 2 2 4 8 P
Customers also purchased
Arnott's Crackers Original Pizza Shapes 8 Pack 200g on special
Arnott's Crackers Original Pizza Shapes 8 Pack
200g on special
$3.00
save
$1.50
200g $1.50 per 100G
Unit Price
3more varieties
of Arnott's Crackers Original Pizza Shapes 8 Pack 200g on special
Add
1
for $3.00

Arnott's Crackers Original Bbq Shapes 8 Pack 200g on special
Arnott's Crackers Original Bbq Shapes 8 Pack
200g on special
$3.00
save
$1.50
200g $1.50 per 100G
Unit Price
3more varieties
of Arnott's Crackers Original Bbq Shapes 8 Pack 200g on special
Add
1
for $3.00

Arnott's Crackers Crimpy Chicken Shapes 8 Pack 200g on special
Arnott's Crackers Crimpy Chicken Shapes 8 Pack
200g on special
$3.00
save
$1.50
200g $1.50 per 100G
Unit Price
3more varieties
of Arnott's Crackers Crimpy Chicken Shapes 8 Pack 200g on special
Add
1
for $3.00

Arnott's Multipack Bluey Crackers Pizza 168g on special
Arnott's Multipack Bluey Crackers Pizza
168g on special
$3.00
save
$1.50
168g $1.79 per 100G
Unit Price
Add
1
for $3.00"	['/wcsstore/Coles-CAS/images/2/9/9/2992248-th.jpg', '/wcsstore/Coles-CAS/images/2/9/9/2992248_L-th.jpg', '/wcsstore/Coles-CAS/images/2/9/9/2992248_R-th.jpg', '/wcsstore/Coles-CAS/images/2/9/9/2992248_B-th.jpg']
Messy Monkeys	Popcorn Lightly Salted 6X13g	$ 5 .00	78g	$6.41 per 100G	"Disclaimer:
Product details, including nutritional information and country of origin, may change from time to time and so the product you receive in your order may not reflect the information on this page. Please check the packaging on any product you purchase and if it's not what you expected, feel free to return it for a full refund.
Details
Size:
78g
Code: 4471020P
4 4 7 1 0 2 0 P
Customers also purchased
Messy Monkeys Bites Burger 6X20g 120g
Messy Monkeys Bites Burger 6X20g
120g
$6.00
120g $5.00 per 100G
Unit Price
Add
1
for $6.00

Messy Monkeys Vanilla Rice Puff Bars 6X20g 120g
Messy Monkeys Vanilla Rice Puff Bars 6X20g
120g
$6.00
120g $5.00 per 100G
Unit Price
Add
1
for $6.00

Messy Monkeys Chocolate Rice Puff Bar 6x20g 120g
Messy Monkeys Chocolate Rice Puff Bar 6x20g
120g
$6.00
120g $5.00 per 100G
Unit Price
Add
1
for $6.00

Messy Monkeys Popcorn Sweet & Salty 6X13g 78g
Messy Monkeys Popcorn Sweet & Salty 6X13g
78g
$5.00
78g $6.41 per 100G
Unit Price
Add
1
for $5.00"	['/wcsstore/Coles-CAS/images/4/4/7/4471020-th.jpg', '/wcsstore/Coles-CAS/images/4/4/7/4471020_L-th.jpg', '/wcsstore/Coles-CAS/images/4/4/7/4471020_R-th.jpg', '/wcsstore/Coles-CAS/images/4/4/7/4471020_B-th.jpg']
Sunrice	Crunch'Ems BBQ	$ 4 .80	120g	$4.00 per 100G	"Nutrition Facts
Serving size: 1 serving = 20g
Qty
Quantity
per serving Qty
Quantity
per 100g / 100ml %
Percentage
daily intake*
Energy 350 1750 4
Protein 1.4 7.1 3
Total Fat 1.4 7 2
Saturated Fat 0.3 1.7 1
Carbohydrate 15.9 79.3 5
Sugars 0.7 3.5 1
Dietary Fibre Total 0.7 3.3 2
Sodium 40 202 2
Gluten 0 0 0
*Percentage Daily Intake per serving. Percentage Daily Intakes are based on an average adult diet of 8700 kJ. Your daily intakes may be higher or lower depending on your energy needs.
Disclaimer:
Product details, including nutritional information and country of origin, may change from time to time and so the product you receive in your order may not reflect the information on this page. Please check the packaging on any product you purchase and if it's not what you expected, feel free to return it for a full refund.
Details
Country of Origin:
Product of Thailand
Ingredients:
Rice (80%), vegetable oil, BBQ seasoning [sugar, maltodextrin, onion powder, salt, soy sauce powder, garlic powder, natural flavouring, yeast extract], polydextrose, dried cabbage, emulsifier (soy lecithin), dried beetroot, spring onion flake, antioxidant (tocopherol).
Contains:
Contains: Soy. May contain: milk, sesame, tree nuts (almond, walnut).
Allergen:
May Be Present Milk, May Be Present Sesame, May Be Present Tree Nuts, Contains Soy
Dietary:
No Preservatives, No Artificial Flavours or Colours
Servings Per Pack:
6.0
Storage Instructions:
Store in a cool dry place out of sunlight.
Size:
120g
Warning:
Please take care with children less than 3 years old as small pieces may present a choking hazard.
Code: 5640225P
5 6 4 0 2 2 5 P"	['/wcsstore/Coles-CAS/images/5/6/4/5640225-th.jpg', '/wcsstore/Coles-CAS/images/5/6/4/5640225_L-th.jpg', '/wcsstore/Coles-CAS/images/5/6/4/5640225_R-th.jpg', '/wcsstore/Coles-CAS/images/5/6/4/5640225_B-th.jpg']
Kinder	Happy Hippo Hazelnut Biscuit Bar 5 Pack	$ 5 .00	105g	$4.76 per 100G	"Nutrition Facts
Serving size: 1 serving = 20.7g
Qty
Quantity
per serving Qty
Quantity
per 100g / 100ml %
Percentage
daily intake*
Energy 507kJ 2439kJ 6%
Protein 1.8g 8.5g 4%
Total Fat 8.1g 38.9g 12%
Saturated Fat 3.5g 16.8g 15%
Carbohydrate 10.4g 50.3g 3%
Sugars 9g 43.6g 10%
Sodium 29mg 141mg 1%
*Percentage Daily Intake per serving. Percentage Daily Intakes are based on an average adult diet of 8700 kJ. Your daily intakes may be higher or lower depending on your energy needs.
Disclaimer:
Product details, including nutritional information and country of origin, may change from time to time and so the product you receive in your order may not reflect the information on this page. Please check the packaging on any product you purchase and if it's not what you expected, feel free to return it for a full refund.
Details
Ingredients:
Sugar, Vegetable Fats (Palm*, Shea) Skim Milk Powder, Hazelnuts 12%, Wheat Flour, Whole Milk Powder, Whey Powder, Wheat Starch, Emulsifier (Lecithins) (Soy), Vegetable Oil, Whey Protein Concentrate, Raising Agents (Sodium Bicarbonate), Ammonium Bicarbonate), Salt, Flavouring (Vanillin), Fat-Reduced Cocoa Powder. *Sustainable and segregated certified palm oil.
Contains:
Wheat (Gluten, Whey), Milk, Hazelnut, Soy. Total Milk Solids: 20%. Wafer: 12%.
Allergen:
Contains Whey, Contains Hazelnuts, Contains Gluten, Contains Soy, Contains Wheat, Contains Milk
Storage Instructions:
Store in cool dry place, away from direct sunlight.
Suitable for:
Families
Size:
103.5g
Code: 4243809P
4 2 4 3 8 0 9 P
Customers also purchased
Arnott's Minis Choc Chip Cookies 7 pack 175g on special
Arnott's Minis Choc Chip Cookies 7 pack
175g on special
$3.00
save
$1.50
175g $1.71 per 100G
Unit Price
Add
1
for $3.00

Nutella B-Ready Biscuit Multipack 6x22g 132g
Nutella B-Ready Biscuit Multipack 6x22g
132g
$5.00
132g $3.79 per 100G
Unit Price
Add
1
for $5.00

Kinder Happy Hippo Cocoa Biscuit Bar 5 Pack 105g
Kinder Happy Hippo Cocoa Biscuit Bar 5 Pack
105g
$5.00
105g $4.76 per 100G
Unit Price
Add
1
for $5.00"	[]
Sunrice	Crunch'Ems Salt & Vinegar	$ 4 .80	120g	$4.00 per 100G	"Nutrition Facts
Serving size: 1 serving = 20g
Qty
Quantity
per serving Qty
Quantity
per 100g / 100ml %
Percentage
daily intake*
Energy 354 1770 4
Protein 1.4 7 3
Total Fat 1.6 7.8 2
Saturated Fat 0.4 1.9 2
Carbohydrate 15.7 78.5 5
Sugars 0 0 0
Dietary Fibre Total 0.7 3.3 2
Sodium 43 213 2
Gluten 0 0 0
*Percentage Daily Intake per serving. Percentage Daily Intakes are based on an average adult diet of 8700 kJ. Your daily intakes may be higher or lower depending on your energy needs.
Disclaimer:
Product details, including nutritional information and country of origin, may change from time to time and so the product you receive in your order may not reflect the information on this page. Please check the packaging on any product you purchase and if it's not what you expected, feel free to return it for a full refund.
Details
Country of Origin:
Product of Thailand
Ingredients:
Rice (80%), vegetable oil, salt & vinegar seasoning [maltodextrin, food acids (sodium diacetate, citric acid), salt, yeast extract], polydextrose, dried cabbage, emulsifier (soy lecithin), dried beetroot, spring onion flake, antioxidant (tocopherol).
Contains:
soy
Allergen:
May Be Present Milk, May Be Present Sesame, May Be Present Tree Nuts, Contains Soy
Dietary:
No Preservatives, No Artificial Flavours or Colours
Servings Per Pack:
6.0
Storage Instructions:
Store in a cool dry place out of sunlight.
Size:
120g
Warning:
Please take care with children less than 3 years old as small pieces may present a choking hazard
Code: 5640214P
5 6 4 0 2 1 4 P
Customers also purchased
Sunrice Creepy Cheese Mini Bites 8pk 160g
Sunrice Creepy Cheese Mini Bites 8pk
160g
$4.50
Until 02 May 2023
160g $2.81 per 100G
Unit Price
Add
1
for $4.50

Ceres Organics Seaweed Multipack Nori 8x2g 16g
Ceres Organics Seaweed Multipack Nori 8x2g
16g
$6.50
16g $40.63 per 100G
Unit Price
Add
1
for $6.50"	['/wcsstore/Coles-CAS/images/5/6/4/5640214-th.jpg', '/wcsstore/Coles-CAS/images/5/6/4/5640214_L-th.jpg', '/wcsstore/Coles-CAS/images/5/6/4/5640214_R-th.jpg', '/wcsstore/Coles-CAS/images/5/6/4/5640214_B-th.jpg']
Messy Monkeys	Bites Cheese 6X20g	$ 6 .00	120g	$5.00 per 100G	"Disclaimer:
Product details, including nutritional information and country of origin, may change from time to time and so the product you receive in your order may not reflect the information on this page. Please check the packaging on any product you purchase and if it's not what you expected, feel free to return it for a full refund.
Details
Size:
120g
Code: 4470979P
4 4 7 0 9 7 9 P
Customers also purchased
Messy Monkeys Bites Chicken 6X20g 120g
Messy Monkeys Bites Chicken 6X20g
120g
$6.00
120g $5.00 per 100G
Unit Price
Add
1
for $6.00

Messy Monkeys Bites Burger 6X20g 120g
Messy Monkeys Bites Burger 6X20g
120g
$6.00
120g $5.00 per 100G
Unit Price
Add
1
for $6.00

Messy Monkeys Vanilla Rice Puff Bars 6X20g 120g
Messy Monkeys Vanilla Rice Puff Bars 6X20g
120g
$6.00
120g $5.00 per 100G
Unit Price
Add
1
for $6.00

Messy Monkeys Honeycomb Rice Puff Bar 6X20g 120g
Messy Monkeys Honeycomb Rice Puff Bar 6X20g
120g
$6.00
120g $5.00 per 100G
Unit Price
Add
1
for $6.00"	['/wcsstore/Coles-CAS/images/4/4/7/4470979-th.jpg', '/wcsstore/Coles-CAS/images/4/4/7/4470979_L-th.jpg', '/wcsstore/Coles-CAS/images/4/4/7/4470979_R-th.jpg', '/wcsstore/Coles-CAS/images/4/4/7/4470979_B-th.jpg']
Messy Monkeys	Popcorn Sweet & Salty 6X13g	$ 5 .00	78g	$6.41 per 100G	"Disclaimer:
Product details, including nutritional information and country of origin, may change from time to time and so the product you receive in your order may not reflect the information on this page. Please check the packaging on any product you purchase and if it's not what you expected, feel free to return it for a full refund.
Details
Size:
78g
Code: 4471031P
4 4 7 1 0 3 1 P
Customers also purchased
Messy Monkeys Bites Cheese 6X20g 120g
Messy Monkeys Bites Cheese 6X20g
120g
$6.00
120g $5.00 per 100G
Unit Price
Add
1
for $6.00

Messy Monkeys Popcorn Lightly Salted 6X13g 78g
Messy Monkeys Popcorn Lightly Salted 6X13g
78g
$5.00
78g $6.41 per 100G
Unit Price
Add
1
for $5.00

Messy Monkeys Bites Burger 6X20g 120g
Messy Monkeys Bites Burger 6X20g
120g
$6.00
120g $5.00 per 100G
Unit Price
Add
1
for $6.00

Messy Monkeys Chocolate Rice Puff Bar 6x20g 120g
Messy Monkeys Chocolate Rice Puff Bar 6x20g
120g
$6.00
120g $5.00 per 100G
Unit Price
Add
1
for $6.00"	['/wcsstore/Coles-CAS/images/4/4/7/4471031-th.jpg', '/wcsstore/Coles-CAS/images/4/4/7/4471031_L-th.jpg', '/wcsstore/Coles-CAS/images/4/4/7/4471031_R-th.jpg', '/wcsstore/Coles-CAS/images/4/4/7/4471031_B-th.jpg']
No Nasties	Project Multipack Choc Chip Cookies Rainbow Choc 8 Pack	$ 5 .00	180g	$2.78 per 100G	"Nutrition Facts
Serving size: 1 serving = 22.5g
Qty
Quantity
per serving Qty
Quantity
per 100g / 100ml %
Percentage
daily intake*
Energy 409kJ 1820kJ
Not provided
Protein 1.3g 5.8g
Not provided
Total Fat 4.4g 19.4g
Not provided
Saturated Fat 2.6g 11.6g
Not provided
Carbohydrate 15.9g 70.6g
Not provided
Sugars 3.8g 16.7g
Not provided
Dietary Fibre Total 0.3g 1.2g
Not provided
Sodium 59mg 263mg
Not provided
*Percentage Daily Intake per serving. Percentage Daily Intakes are based on an average adult diet of 8700 kJ. Your daily intakes may be higher or lower depending on your energy needs.
Disclaimer:
Product details, including nutritional information and country of origin, may change from time to time and so the product you receive in your order may not reflect the information on this page. Please check the packaging on any product you purchase and if it's not what you expected, feel free to return it for a full refund.
Details
Country of Origin:
Made in Australia from at least 55% Australian ingredients
Ingredients:
Wheat Flour, Sweeteners (Erythritol, Isomalt, Stevia Extract), Vegetable Fat and Oil (Contains Antioxidant (Mixed Tocopherols)), White Choc Chips (9%) (Sugar, Vegetable Fat, Milk Powder, Maltodextrin, Emulsifier (Soy Lecithin), Natural Flavour), Sprinkles (9%) (Sugar, Tapioca Starch, Glazing Agent (Shellac), Natural Colours (Carmine, Turmeric, Paprika Oleoresin, Spirulina Extract)), Sugar, Butter (Milk, Salt), Desiccated Coconut, Whole Egg Powder, Golden Syrup, Salt, Natural Flavour, Raising Agents (Sodium Bicarbonate, Ammonium Bicarbonate)
Dietary:
Low in Sugar, No Artificial Flavours or Colours
Servings Per Pack:
8.0
Storage Instructions:
Store unopened pack in a cool, dry place away from direct sunlight. Once opened, store in an airtight container.
Dimensions:
230 x 185 x 75mm
Usage Instructions:
Servings Per Pack 8, Serving Size: Approx. 22.5g
Size:
180g
Warning:
WARNING: THE NO NASTIES PROJECT MINI COOKIES ARE SMALL IN SIZE AND REQUIRE CHEWING. THEY SHOULD NOT BE CONSUMED BY CHILDREN UNDER 3 YEARS.
Code: 4511566P
4 5 1 1 5 6 6 P
Customers also purchased
Arnott's Crackers Original Pizza Shapes 8 Pack 200g on special
Arnott's Crackers Original Pizza Shapes 8 Pack
200g on special
$3.00
save
$1.50
200g $1.50 per 100G
Unit Price
3more varieties
of Arnott's Crackers Original Pizza Shapes 8 Pack 200g on special
Add
1
for $3.00

Arnott's Crackers Crimpy Chicken Shapes 8 Pack 200g on special
Arnott's Crackers Crimpy Chicken Shapes 8 Pack
200g on special
$3.00
save
$1.50
200g $1.50 per 100G
Unit Price
3more varieties
of Arnott's Crackers Crimpy Chicken Shapes 8 Pack 200g on special
Add
1
for $3.00

Arnott's Tiny Teddy Hundreds & Thousands Biscuits 8 pack 184g on special
Arnott's Tiny Teddy Hundreds & Thousands Biscuits 8 pack
184g on special
$3.00
save
$1.50
184g $1.63 per 100G
Unit Price
4more varieties
of Arnott's Tiny Teddy Hundreds & Thousands Biscuits 8 pack 184g on special
Add
1
for $3.00

No Nasties Project Multipack Choc Chip Cookies Original 8 Pack 180g
No Nasties Project Multipack Choc Chip Cookies Original 8 Pack
180g
$5.00
180g $2.78 per 100G
Unit Price
Add
1
for $5.00"	['/wcsstore/Coles-CAS/images/4/5/1/4511566-th.jpg', '/wcsstore/Coles-CAS/images/4/5/1/4511566_B-th.jpg']
Messy Monkeys	Bites Sour Cream 6X20g	$ 6 .00	120g	$5.00 per 100G	"Disclaimer:
Product details, including nutritional information and country of origin, may change from time to time and so the product you receive in your order may not reflect the information on this page. Please check the packaging on any product you purchase and if it's not what you expected, feel free to return it for a full refund.
Details
Size:
129g
Code: 4471010P
4 4 7 1 0 1 0 P
Customers also purchased
Messy Monkeys Bites Cheese 6X20g 120g
Messy Monkeys Bites Cheese 6X20g
120g
$6.00
120g $5.00 per 100G
Unit Price
Add
1
for $6.00

Messy Monkeys Bites Chicken 6X20g 120g
Messy Monkeys Bites Chicken 6X20g
120g
$6.00
120g $5.00 per 100G
Unit Price
Add
1
for $6.00

Messy Monkeys Bites Burger 6X20g 120g
Messy Monkeys Bites Burger 6X20g
120g
$6.00
120g $5.00 per 100G
Unit Price
Add
1
for $6.00

Messy Monkeys Vanilla Rice Puff Bars 6X20g 120g
Messy Monkeys Vanilla Rice Puff Bars 6X20g
120g
$6.00
120g $5.00 per 100G
Unit Price
Add
1
for $6.00"	['/wcsstore/Coles-CAS/images/4/4/7/4471010-th.jpg', '/wcsstore/Coles-CAS/images/4/4/7/4471010_L-th.jpg', '/wcsstore/Coles-CAS/images/4/4/7/4471010_R-th.jpg', '/wcsstore/Coles-CAS/images/4/4/7/4471010_B-th.jpg']
Messy Monkeys	Bites Chicken 6X20g	$ 6 .00	120g	$5.00 per 100G	"Disclaimer:
Product details, including nutritional information and country of origin, may change from time to time and so the product you receive in your order may not reflect the information on this page. Please check the packaging on any product you purchase and if it's not what you expected, feel free to return it for a full refund.
Details
Size:
120g
Code: 4470980P
4 4 7 0 9 8 0 P
Customers also purchased
Messy Monkeys Bites Sour Cream 6X20g 120g
Messy Monkeys Bites Sour Cream 6X20g
120g
$6.00
120g $5.00 per 100G
Unit Price
Add
1
for $6.00

Messy Monkeys Bites Cheese 6X20g 120g
Messy Monkeys Bites Cheese 6X20g
120g
$6.00
120g $5.00 per 100G
Unit Price
Add
1
for $6.00

Messy Monkeys Bites Burger 6X20g 120g
Messy Monkeys Bites Burger 6X20g
120g
$6.00
120g $5.00 per 100G
Unit Price
Add
1
for $6.00

Messy Monkeys Honeycomb Rice Puff Bar 6X20g 120g
Messy Monkeys Honeycomb Rice Puff Bar 6X20g
120g
$6.00
120g $5.00 per 100G
Unit Price
Add
1
for $6.00"	['/wcsstore/Coles-CAS/images/4/4/7/4470980-th.jpg', '/wcsstore/Coles-CAS/images/4/4/7/4470980_L-th.jpg', '/wcsstore/Coles-CAS/images/4/4/7/4470980_R-th.jpg', '/wcsstore/Coles-CAS/images/4/4/7/4470980_B-th.jpg']
No Nasties	Project Multipack Choc Chip Cookies Original 8 Pack	$ 5 .00	180g	$2.78 per 100G	"Nutrition Facts
Serving size: 1 serving = 22.5g
Qty
Quantity
per serving Qty
Quantity
per 100g / 100ml %
Percentage
daily intake*
Energy 418kJ 1860kJ
Not provided
Protein 1.3g 5.6g
Not provided
Total Fat 5.1g 22.8g
Not provided
Saturated Fat 3.4g 15.2g
Not provided
Carbohydrate 15g 66.5g
Not provided
Sugars 4g 17.8g
Not provided
Dietary Fibre Total 0.2g 1.1g
Not provided
Sodium 59mg 262mg
Not provided
*Percentage Daily Intake per serving. Percentage Daily Intakes are based on an average adult diet of 8700 kJ. Your daily intakes may be higher or lower depending on your energy needs.
Disclaimer:
Product details, including nutritional information and country of origin, may change from time to time and so the product you receive in your order may not reflect the information on this page. Please check the packaging on any product you purchase and if it's not what you expected, feel free to return it for a full refund.
Details
Country of Origin:
Made in Australia from at least 55% Australian Ingredients
Ingredients:
Wheat Flour, Choc Chips (20%) (Sugar, Vegetable Fat, Cocoa Powder, Sunflower Lecithin, Natural Flavour), Sweeteners (Erythritol, Isomalt, Stevia Extract), Vegetable Fats and Oils (contains Antioxidant (Mixed Tocopherols)), Butter (Milk, Salt), Sugar, Desiccated Coconut, Whole Egg Powder, Golden Syrup, Salt, Natural Flavour, Raising Agents (Sodium Bicarbonate, Ammonium Bicarbonate)
Dietary:
Low in Sugar, No Artificial Flavours or Colours
Servings Per Pack:
8.0
Storage Instructions:
Store unopened pack in a cool, dry place away from direct sunlight. Once opened, store in an airtight container.
Dimensions:
230 x 185 x 75mm
Usage Instructions:
Servings per pack 8, Serving size: Approx. 22.5g
Size:
180g
Warning:
WARNING: THE NO NASTIES PROJECT MINI COOKIES ARE SMALL IN SIZE AND REQUIRE CHEWING. THEY SHOULD NOT BE CONSUMED BY CHILDREN UNDER 3 YEARS.
Code: 4511136P
4 5 1 1 1 3 6 P
Customers also purchased
Green's Chunkies Chocolate Chip Cookies Mini Multipack 200g
Green's Chunkies Chocolate Chip Cookies Mini Multipack
200g
$4.80
200g $2.40 per 100G
Unit Price
Add
1
for $4.80

No Nasties Project Multipack Choc Chip Cookies Rainbow Choc 8 Pack 180g
No Nasties Project Multipack Choc Chip Cookies Rainbow Choc 8 Pack
180g
$5.00
180g $2.78 per 100G
Unit Price
Add
1
for $5.00

Arnott's Multipack Bluey Biscuits Honey Oat 168g on special
Arnott's Multipack Bluey Biscuits Honey Oat
168g on special
$3.00
save
$1.50
168g $1.79 per 100G
Unit Price
Add
1
for $3.00"	['/wcsstore/Coles-CAS/images/4/5/1/4511136-th.jpg', '/wcsstore/Coles-CAS/images/4/5/1/4511136_B-th.jpg']
Sunbeam	Sultanas Snack 6 Pack	$ 3 .00	240g	$12.50 per 1Kg	"Nutrition Facts
Serving size: 1 serving = 40g
Qty
Quantity
per serving Qty
Quantity
per 100g / 100ml %
Percentage
daily intake*
Energy 576kJ 1440kJ
Not provided
Protein 1g 2.4g
Not provided
Total Fat 0.3g 0.8g
Not provided
Saturated Fat
Less than
< 0.1g 0.1g
Not provided
Carbohydrate 31.6g 79.1g
Not provided
Sugars 28.5g 71.3g
Not provided
Dietary Fibre Total 1.3g 3.3g
Not provided
Sodium 3mg 7mg
Not provided
*Percentage Daily Intake per serving. Percentage Daily Intakes are based on an average adult diet of 8700 kJ. Your daily intakes may be higher or lower depending on your energy needs.
Disclaimer:
Product details, including nutritional information and country of origin, may change from time to time and so the product you receive in your order may not reflect the information on this page. Please check the packaging on any product you purchase and if it's not what you expected, feel free to return it for a full refund.
Details
Ingredients:
Australian Sultanas (99.5%), Sunflower Oil
Dietary:
No Added Sugars, No Artificial Flavours or Colours
Servings Per Pack:
1.0
Dimensions:
68 x 146 x 43mm
Size:
240g
Code: 145604P
1 4 5 6 0 4 P
Customers also purchased
Sunbeam Sultana And Cranberry 6 pack
Sunbeam Sultana And Cranberry
6 pack
$3.30
6 pack $0.55 per 1Ea
Unit Price
Add
1
for $3.30

Snackify Beat Box Mix 5 pack on special
Snackify Beat Box Mix
5 pack on special
$4.20
save
$1.80
5 pack $0.84 per 1Ea
Unit Price
Add
1
for $4.20"	['/wcsstore/Coles-CAS/images/1/4/5/145604-th.jpg', '/wcsstore/Coles-CAS/images/1/4/5/145604_L-th.jpg', '/wcsstore/Coles-CAS/images/1/4/5/145604_R-th.jpg', '/wcsstore/Coles-CAS/images/1/4/5/145604_B-th.jpg']
Coles	Dried Apricots	$ 5 .00	400g	$12.50 per 1Kg	"Nutrition Facts
Serving size: 1 serving = 30g
Qty
Quantity
per serving Qty
Quantity
per 100g / 100ml %
Percentage
daily intake*
Energy 332.04 1106.8 4
Energy Cal 79.44 264.78
Not provided
Protein 0.72 2.4 1
Total Fat 0.3 1 0
Saturated Fat 0.06 0.2 0
Carbohydrate 17.1 57 6
Sodium 1.5 5 0
*Percentage Daily Intake per serving. Percentage Daily Intakes are based on an average adult diet of 8700 kJ. Your daily intakes may be higher or lower depending on your energy needs.
Disclaimer:
Product details, including nutritional information and country of origin, may change from time to time and so the product you receive in your order may not reflect the information on this page. Please check the packaging on any product you purchase and if it's not what you expected, feel free to return it for a full refund.
Details
Ingredients:
INGREDIENTS: Dried Apricot (99%), Sunflower Oil, Preservative (220)
Allergen:
Contains SULPHITES
Servings Per Pack:
13.0
Storage Instructions:
Store in a cool, dry place. Once opened, store in an airtight container
Warning:
Apricots are mechanically pitted and may contain an occasional pit or pit fragment. Take care to avoid dental injury.
Code: 2149231P
2 1 4 9 2 3 1 P
Customers also purchased
Coles Pepitas 250g
Coles Pepitas
250g
$3.00
250g $12.00 per 1Kg
Unit Price
Add
1
for $3.00

Coles Pine Nuts Prepacked 200g
Coles Pine Nuts Prepacked
200g
$12.00
200g $60.00 per 1Kg
Unit Price
Add
1
for $12.00

Coles Sweet Chilli & Lime Soy Crisps 400g
Coles Sweet Chilli & Lime Soy Crisps
400g
$6.00
400g $15.00 per 1Kg
Unit Price
Add
1
for $6.00

Coles Honey Cashews 350g
Coles Honey Cashews
350g
$9.00
350g $25.72 per 1Kg
Unit Price
Add
1
for $9.00"	[]
Coles	Australian Sultana's 6 pack	$ 2 .00	240g	$8.33 per 1Kg	"Nutrition Facts
Serving size: 1 serving = 40g
Qty
Quantity
per serving Qty
Quantity
per 100g / 100ml %
Percentage
daily intake*
Energy 446.12 1115.30
Not provided
Energy Cal 106.73 266.82
Not provided
Protein 1.04 2.60
Not provided
Total Fat 0.12 0.30
Not provided
Saturated Fat 0.00 0.00
Not provided
Trans 0.00 0.00
Not provided
Carbohydrate 24.32 60.80
Not provided
Sugars 23.60 59.00
Not provided
Dietary Fibre Total 1.32 3.30
Not provided
Sodium 2.80 7.00
Not provided
Potassium 382.00 955.00
Not provided
*Percentage Daily Intake per serving. Percentage Daily Intakes are based on an average adult diet of 8700 kJ. Your daily intakes may be higher or lower depending on your energy needs.
Disclaimer:
Product details, including nutritional information and country of origin, may change from time to time and so the product you receive in your order may not reflect the information on this page. Please check the packaging on any product you purchase and if it's not what you expected, feel free to return it for a full refund.
Details
Ingredients:
INGREDIENTS: Australian Sultanas (99.5%), Vegetable Oils (Canola Oil, Sunflower Oil, Cottonseed Oil).
Allergen:
May Be Present SULPHITES
Servings Per Pack:
6.0
Storage Instructions:
Store in a cool, dry place
Code: 6657631P
6 6 5 7 6 3 1 P
Customers also purchased
Coles Sultana & Apple 6 Pack 150g
Coles Sultana & Apple 6 Pack
150g
$2.20
Until 02 May 2023
150g $14.67 per 1Kg
Unit Price
Add
1
for $2.20

Sunbeam Sultana And Cranberry 6 pack
Sunbeam Sultana And Cranberry
6 pack
$3.30
6 pack $0.55 per 1Ea
Unit Price
Add
1
for $3.30

Coles Banana Chips 200g
Coles Banana Chips
200g
$2.00
200g $10.00 per 1Kg
Unit Price
Add
1
for $2.00"	['/wcsstore/Coles-CAS/images/6/6/5/6657631-th.jpg', '/wcsstore/Coles-CAS/images/6/6/5/6657631_L-th.jpg', '/wcsstore/Coles-CAS/images/6/6/5/6657631_R-th.jpg', '/wcsstore/Coles-CAS/images/6/6/5/6657631_B-th.jpg']
Coles	Natural Almonds	$ 13 .00	750g	$17.33 per 1Kg	"Disclaimer:
Product details, including nutritional information and country of origin, may change from time to time and so the product you receive in your order may not reflect the information on this page. Please check the packaging on any product you purchase and if it's not what you expected, feel free to return it for a full refund.
Details
Country of Origin:
Product of Mixed Origin
Ingredients:
INGREDIENTS: Almonds.
Allergen:
May Be Present Walnut, May Be Present Hazelnuts, May Be Present Cashew, May Be Present Pine, May Be Present Brazil Nuts, May Be Present Pistachios, May Be Present Macadamia Nuts, Contains Almonds, May Be Present PEANUTS, May Be Present Wheat, May Be Present Gluten, May Be Present Pecan
Storage Instructions:
Store in a cool, dry place. Once opened, store in an airtight container
Warning:
Food Warnings: Despite careful inspection some fragments of shell may remain.
Code: 5207232P
5 2 0 7 2 3 2 P
Customers also purchased
Coles Natural Almonds 400g on special
Coles Natural Almonds
400g on special
$7.00
400g $17.50 per 1Kg
Unit Price
Add
1
for $7.00"	['/wcsstore/Coles-CAS/images/5/2/0/5207232-th.jpg', '/wcsstore/Coles-CAS/images/5/2/0/5207232_B-th.jpg']
Sunbeam	Yoghurt Coated Sultanas 6x30g	$ 4 .00	6 pack	$22.22 per 1Kg	"Nutrition Facts
Serving size: 1 serving = 30g
Qty
Quantity
per serving Qty
Quantity
per 100g / 100ml %
Percentage
daily intake*
Energy 636kJ 2120kJ
Not provided
Protein 1.2g 4g
Not provided
Total Fat 7.7g 25.6g
Not provided
Saturated Fat 7.2g 24.1g
Not provided
Carbohydrate 19.5g 65.1g
Not provided
Sugars 18.7g 62.4g
Not provided
Sodium 18mg 59mg
Not provided
Calcium 44mg 147mg
Not provided
*Percentage Daily Intake per serving. Percentage Daily Intakes are based on an average adult diet of 8700 kJ. Your daily intakes may be higher or lower depending on your energy needs.
Disclaimer:
Product details, including nutritional information and country of origin, may change from time to time and so the product you receive in your order may not reflect the information on this page. Please check the packaging on any product you purchase and if it's not what you expected, feel free to return it for a full refund.
Details
Ingredients:
Flavoured Yoghurt Coating (75%)(Sugar, Vegetable Oil, Yoghurt Powder (Skim Milk, Cultures), Emulsifier (322)(Soy Lecithin), Acidity Regulator (330), Glazing Agent (904)), Australian Sultanas (25%)(Vegetable Oil).
Servings Per Pack:
1.0
Storage Instructions:
Once outer seal is opened, product should be sealed in an airtight container and refrigerated
Dimensions:
71 x 152 x 45mm
Size:
180g
Code: 4483530P
4 4 8 3 5 3 0 P
Customers also purchased
Angas Park Soft & Juicy Mediterranean Apricots 225g
Angas Park Soft & Juicy Mediterranean Apricots
225g
$7.00
225g $31.11 per 1Kg
Unit Price
Add
1
for $7.00

Sunbeam Mixed Dried Fruit 375g on special
Sunbeam Mixed Dried Fruit
375g on special
$4.00
save
$1.00
375g $10.67 per 1Kg
Unit Price
Add
1
for $4.00

Coles Mango Slices 150g
Coles Mango Slices
150g
$4.60
150g $30.67 per 1Kg
Unit Price
Add
1
for $4.60

Coles Dried Pineapple Rings 200g
Coles Dried Pineapple Rings
200g
$5.10
Until 02 May 2023
200g $2.55 per 100G
Unit Price
Add
1
for $5.10"	['/wcsstore/Coles-CAS/images/4/4/8/4483530-th.jpg', '/wcsstore/Coles-CAS/images/4/4/8/4483530_L-th.jpg', '/wcsstore/Coles-CAS/images/4/4/8/4483530_R-th.jpg', '/wcsstore/Coles-CAS/images/4/4/8/4483530_B-th.jpg']
Coles	Sultana & Apple 6 Pack	$ 2 .20	150g	$14.67 per 1Kg	"Nutrition Facts
Serving size: 1 serving = 25g
Qty
Quantity
per serving Qty
Quantity
per 100g / 100ml %
Percentage
daily intake*
Energy 307.45 1229.80
Not provided
Energy Cal 73.55 294.21
Not provided
Protein 0.58 2.30
Not provided
Total Fat 0.08 0.30
Not provided
Saturated Fat 0.00 0.00
Not provided
Carbohydrate 16.70 66.80
Not provided
Sugars 15.25 61.00
Not provided
Sodium 32.75 131.00
Not provided
Potassium 171.25 685.00
Not provided
*Percentage Daily Intake per serving. Percentage Daily Intakes are based on an average adult diet of 8700 kJ. Your daily intakes may be higher or lower depending on your energy needs.
Disclaimer:
Product details, including nutritional information and country of origin, may change from time to time and so the product you receive in your order may not reflect the information on this page. Please check the packaging on any product you purchase and if it's not what you expected, feel free to return it for a full refund.
Details
Ingredients:
INGREDIENTS: Australian Sultanas (70%) [Sultanas, Vegetable Oils (Canola, Sunflower, Cottonseed)], Apple (30%) [Apple, Preservative (220)].
Allergen:
Contains SULPHITES
Servings Per Pack:
6.0
Storage Instructions:
Store in a cool, dry place
Code: 6161727P
6 1 6 1 7 2 7 P
Customers also purchased
Coles Australian Sultana's 6 pack 240g
Coles Australian Sultana's 6 pack
240g
$2.00
Until 02 May 2023
240g $8.33 per 1Kg
Unit Price
Add
1
for $2.00

Sunbeam Sultana And Cranberry 6 pack
Sunbeam Sultana And Cranberry
6 pack
$3.30
6 pack $0.55 per 1Ea
Unit Price
Add
1
for $3.30

Coles Banana Chips 200g
Coles Banana Chips
200g
$2.00
200g $10.00 per 1Kg
Unit Price
Add
1
for $2.00

Snackify Tropical Island Mix 5 pack on special
Snackify Tropical Island Mix
5 pack on special
$4.20
save
$1.80
5 pack $0.84 per 1Ea
Unit Price
Add
1
for $4.20"	['/wcsstore/Coles-CAS/images/6/1/6/6161727-th.jpg', '/wcsstore/Coles-CAS/images/6/1/6/6161727_L-th.jpg', '/wcsstore/Coles-CAS/images/6/1/6/6161727_R-th.jpg', '/wcsstore/Coles-CAS/images/6/1/6/6161727_B-th.jpg']
Sunbeam	Australian Sultanas Mini Packs 8x15g	$ 3 .00	8 pack	$2.50 per 100G	"Disclaimer:
Product details, including nutritional information and country of origin, may change from time to time and so the product you receive in your order may not reflect the information on this page. Please check the packaging on any product you purchase and if it's not what you expected, feel free to return it for a full refund.
Details
Dimensions:
49 x 147 x 47mm
Code: 5619070P
5 6 1 9 0 7 0 P
Customers also purchased
Sunbeam Sultanas Snack 6 Pack 240g
Sunbeam Sultanas Snack 6 Pack
240g
$3.00
240g $12.50 per 1Kg
Unit Price
Add
1
for $3.00

Sunbeam Sultana And Cranberry 6 pack
Sunbeam Sultana And Cranberry
6 pack
$3.30
6 pack $0.55 per 1Ea
Unit Price
Add
1
for $3.30

Snackify Tropical Island Mix 5 pack on special
Snackify Tropical Island Mix
5 pack on special
$4.20
save
$1.80
5 pack $0.84 per 1Ea
Unit Price
Add
1
for $4.20"	['/wcsstore/Coles-CAS/images/5/6/1/5619070-th.jpg', '/wcsstore/Coles-CAS/images/5/6/1/5619070_L-th.jpg', '/wcsstore/Coles-CAS/images/5/6/1/5619070_R-th.jpg']
Sunbeam	Sultana And Cranberry	$ 3 .30	6 pack	$0.55 per 1Ea	"Disclaimer:
Product details, including nutritional information and country of origin, may change from time to time and so the product you receive in your order may not reflect the information on this page. Please check the packaging on any product you purchase and if it's not what you expected, feel free to return it for a full refund.
Details
Dimensions:
68 x 146 x 43mm
Size:
234g
Code: 1877299P
1 8 7 7 2 9 9 P
Customers also purchased
Coles Australian Sultana's 6 pack 240g
Coles Australian Sultana's 6 pack
240g
$2.00
Until 02 May 2023
240g $8.33 per 1Kg
Unit Price
Add
1
for $2.00

Coles Sultana & Apple 6 Pack 150g
Coles Sultana & Apple 6 Pack
150g
$2.20
Until 02 May 2023
150g $14.67 per 1Kg
Unit Price
Add
1
for $2.20

Sunbeam Sultanas Snack 6 Pack 240g
Sunbeam Sultanas Snack 6 Pack
240g
$3.00
240g $12.50 per 1Kg
Unit Price
Add
1
for $3.00"	['/wcsstore/Coles-CAS/images/1/8/7/1877299-th.jpg', '/wcsstore/Coles-CAS/images/1/8/7/1877299_L-th.jpg', '/wcsstore/Coles-CAS/images/1/8/7/1877299_R-th.jpg', '/wcsstore/Coles-CAS/images/1/8/7/1877299_B-th.jpg']
Coles	Sweet Chilli & Lime Soy Crisps	$ 6 .00	400g	$15.00 per 1Kg	"Nutrition Facts
Serving size: 1 serving = 30g
Qty
Quantity
per serving Qty
Quantity
per 100g / 100ml %
Percentage
daily intake*
Energy 604.50 2015.00
Not provided
Energy Cal 144.62 482.06
Not provided
Protein 1.62 5.40
Not provided
Total Fat 6.99 23.30
Not provided
Saturated Fat 0.60 2.00
Not provided
Trans 0.03 0.10
Not provided
Carbohydrate 17.61 58.70
Not provided
Sugars 2.43 8.10
Not provided
Dietary Fibre Total 2.37 7.90
Not provided
Sodium 252.00 840.00
Not provided
*Percentage Daily Intake per serving. Percentage Daily Intakes are based on an average adult diet of 8700 kJ. Your daily intakes may be higher or lower depending on your energy needs.
Disclaimer:
Product details, including nutritional information and country of origin, may change from time to time and so the product you receive in your order may not reflect the information on this page. Please check the packaging on any product you purchase and if it's not what you expected, feel free to return it for a full refund.
Details
Ingredients:
INGREDIENTS: Wheat Starch, Sunflower Oil, Soybean Solids (18%), Sugar, Onion Powder, Salt, Spices (Chilli), Garlic Powder, Barley Malt Extract, Soy Sauce Powder (contains Wheat), Chives, Yeast Extract, Natural Flavour, Maltodextrin, Bamboo Fibre, Acidity Regulator (330), Maize Starch.
Allergen:
May Be Present Walnut, May Be Present Hazelnuts, May Be Present Cashew, Contains SOY, May Be Present Pine, May Be Present Brazil Nuts, May Be Present MILK, May be Present: wheat, almond, Brazil nut, cashew, hazelnut, macadamia, other tree nuts, milk, soy, May Be Present Pistachios, May Be Present Macadamia Nuts, May Be Present PEANUTS, Contains Gluten, May Be Present SESAME, Contains Wheat, May Be Present Pecan
Servings Per Pack:
13.0
Storage Instructions:
Once opened, store in an airtight container. Store in a cool, dry place
Code: 3505444P
3 5 0 5 4 4 4 P
Customers also purchased
Coles Dried Apricots 400g
Coles Dried Apricots
400g
$5.00
400g $12.50 per 1Kg
Unit Price
Add
1
for $5.00

Coles Cherries In Dark Chocolate 180g on special
Coles Cherries In Dark Chocolate
180g on special
$5.00
180g $27.78 per 1Kg
Unit Price
Add
1
for $5.00"	['/wcsstore/Coles-CAS/images/3/5/0/3505444-th.jpg', '/wcsstore/Coles-CAS/images/3/5/0/3505444_B-th.jpg']
Frisp	Freeze Dried Mango Crisps	$ 3 .50	15g	$23.33 per 100G	"Nutrition Facts
Serving size: 1 serving = 15g
Qty
Quantity
per serving Qty
Quantity
per 100g / 100ml %
Percentage
daily intake*
Energy 234kJ 1559kJ
Not provided
Protein
Less than
< 1g 3.2g
Not provided
Total Fat 1.6g 3g
Not provided
Saturated Fat 0g 0g
Not provided
Carbohydrate 12.6g 85g
Not provided
Sugars 8.6g 57g
Not provided
Dietary Fibre Total 1.4g 9.4g
Not provided
Sodium 0mg 0mg
Not provided
Gluten 0mg 0mg
Not provided
*Percentage Daily Intake per serving. Percentage Daily Intakes are based on an average adult diet of 8700 kJ. Your daily intakes may be higher or lower depending on your energy needs.
Disclaimer:
Product details, including nutritional information and country of origin, may change from time to time and so the product you receive in your order may not reflect the information on this page. Please check the packaging on any product you purchase and if it's not what you expected, feel free to return it for a full refund.
Details
Country of Origin:
Product of Thailand
Ingredients:
100% Mango
Allergen:
Free From Tree Nuts, Free From Milk, Free From Gluten, Free From Peanuts, Free From Soybean
Dietary:
No Added Sugars, No Preservatives
Servings Per Pack:
1.0
Dimensions:
155 x 120 x 30mm
Usage Instructions:
Servings Per Pack: 1, Serving Size: 15g
Code: 5612503P
5 6 1 2 5 0 3 P
Customers also purchased
Angas Park Dried Apples 200g on special
Angas Park Dried Apples
200g on special
$3.50
save
$0.90
200g $17.50 per 1Kg
Unit Price
Add
1
for $3.50

Coles Dried Premium Pears 180g
Coles Dried Premium Pears
180g
$5.00
180g $27.78 per 1Kg
Unit Price
Add
1
for $5.00

Coles Tropical Fruit Mix 300g
Coles Tropical Fruit Mix
300g
$6.00
300g $20.00 per 1Kg
Unit Price
Add
1
for $6.00"	['/wcsstore/Coles-CAS/images/5/6/1/5612503-th.jpg', '/wcsstore/Coles-CAS/images/5/6/1/5612503_B-th.jpg']
Frisp	Freeze Dried Strawberry Crisps	$ 3 .50	15g	$23.33 per 100G	"Nutrition Facts
Serving size: 1 serving = 15g
Qty
Quantity
per serving Qty
Quantity
per 100g / 100ml %
Percentage
daily intake*
Energy 231kJ 1540kJ
Not provided
Protein 0.95g 6.3g
Not provided
Total Fat 0g 0g
Not provided
Saturated Fat 0g 0g
Not provided
Carbohydrate 14.7g 98.2g
Not provided
Sugars 10.4g 69.4g
Not provided
Dietary Fibre Total 1.5g 10g
Not provided
Sodium 1.1mg 7mg
Not provided
Gluten 0mg 0mg
Not provided
*Percentage Daily Intake per serving. Percentage Daily Intakes are based on an average adult diet of 8700 kJ. Your daily intakes may be higher or lower depending on your energy needs.
Disclaimer:
Product details, including nutritional information and country of origin, may change from time to time and so the product you receive in your order may not reflect the information on this page. Please check the packaging on any product you purchase and if it's not what you expected, feel free to return it for a full refund.
Details
Country of Origin:
Made in Thailand
Ingredients:
Strawberry, Sugar
Allergen:
Free From Tree Nuts, Free From Milk, Free From Gluten, Free From Peanuts, Free From Soybean
Dietary:
No Preservatives
Servings Per Pack:
1.0
Dimensions:
155 x 120 x 30mm
Usage Instructions:
Servings Per Pack: 1, Serving Size: 15g
Code: 5612490P
5 6 1 2 4 9 0 P
Customers also purchased
Angas Park Dried Apples 200g on special
Angas Park Dried Apples
200g on special
$3.50
save
$0.90
200g $17.50 per 1Kg
Unit Price
Add
1
for $3.50

Coles Goji Berries 150g
Coles Goji Berries
150g
$4.70
150g $31.34 per 1Kg
Unit Price
Add
1
for $4.70

Sunbeam Yoghurt Coated Sultanas 6x30g 6 pack
Sunbeam Yoghurt Coated Sultanas 6x30g
6 pack
$4.00
6 pack $22.22 per 1Kg
Unit Price
Add
1
for $4.00"	['/wcsstore/Coles-CAS/images/5/6/1/5612490-th.jpg', '/wcsstore/Coles-CAS/images/5/6/1/5612490_R-th.jpg', '/wcsstore/Coles-CAS/images/5/6/1/5612490_B-th.jpg']
Angas Park	Dried Apples	$ 3 .50	200g	$17.50 per 1Kg	"Disclaimer:
Product details, including nutritional information and country of origin, may change from time to time and so the product you receive in your order may not reflect the information on this page. Please check the packaging on any product you purchase and if it's not what you expected, feel free to return it for a full refund.
Code: 9202172P
9 2 0 2 1 7 2 P
Customers also purchased
Ocean Spray Dried Craisins Regular Cranberries 170g
Ocean Spray Dried Craisins Regular Cranberries
170g
$4.00
170g $23.53 per 1Kg
Unit Price
Add
1
for $4.00

Angas Park Fancy Large Dried Apricots 200g
Angas Park Fancy Large Dried Apricots
200g
$8.00
200g $40.00 per 1Kg
Unit Price
Add
1
for $8.00

Coles Turkish Dried Apricots 500g everyday product
Coles Turkish Dried Apricots
500g everyday product
$6.00
500g $12.00 per 1Kg
Unit Price
Add
1
for $6.00

Coles Mango Slices 150g
Coles Mango Slices
150g
$4.60
150g $30.67 per 1Kg
Unit Price
Add
1
for $4.60"	['/wcsstore/Coles-CAS/images/9/2/0/9202172-th.jpg', '/wcsstore/Coles-CAS/images/9/2/0/9202172_B-th.jpg']
Nibblish	Gently Baked Mango	$ 5 .50	80g	$6.88 per 100G	"Nutrition Facts
Serving size: 1 serving = 20g
Qty
Quantity
per serving Qty
Quantity
per 100g / 100ml %
Percentage
daily intake*
Energy 248kJ 1239kJ
Not provided
Protein 0.6g 2.9g
Not provided
Total Fat 0g 0.3g
Not provided
Saturated Fat 0g 0.1g
Not provided
Carbohydrate 13.6g 68.2g
Not provided
Sugars 11.3g 56.6g
Not provided
Sodium 0mg 0mg
Not provided
*Percentage Daily Intake per serving. Percentage Daily Intakes are based on an average adult diet of 8700 kJ. Your daily intakes may be higher or lower depending on your energy needs.
Disclaimer:
Product details, including nutritional information and country of origin, may change from time to time and so the product you receive in your order may not reflect the information on this page. Please check the packaging on any product you purchase and if it's not what you expected, feel free to return it for a full refund.
Details
Country of Origin:
Product of Mixed Origin
Ingredients:
Just mangoes and nothing else
Allergen:
Free From Tree Nuts, Free From Sulphites, Free From Cereals
Dietary:
No Preservatives
Servings Per Pack:
4.0
Storage Instructions:
Store in a cool spot below 30 degrees.
Suitable for:
Nibblish Fruit is just 100% fruit so is perfect for families looking for a healthy snack. Whether its for a lunchbox, a gym bag or for your desk drawer at work Nibblish is the perfect healthy snack.
Dimensions:
170 x 135 x 40mm
Usage Instructions:
Just eat it quick before anyone else finds the bag ;)
Size:
80g
Code: 5616129P
5 6 1 6 1 2 9 P
Customers also purchased
Coles Banana Chips 200g
Coles Banana Chips
200g
$2.00
200g $10.00 per 1Kg
Unit Price
Add
1
for $2.00"	['/wcsstore/Coles-CAS/images/5/6/1/5616129-th.jpg', '/wcsstore/Coles-CAS/images/5/6/1/5616129_B-th.jpg']
Sunbeam	Strawberry Yoghurt Covered Sultanas 6x40g	$ 5 .00	6 pack	$2.08 per 100G	"Nutrition Facts
Serving size: 1 serving = 30g
Qty
Quantity
per serving Qty
Quantity
per 100g / 100ml %
Percentage
daily intake*
Energy 645kJ 2150kJ
Not provided
Protein 1.1g 3.6g
Not provided
Total Fat 8.1g 26.9g
Not provided
Saturated Fat 7.7g 25.6g
Not provided
Carbohydrate 19.2g 64.1g
Not provided
Sugars 18.9g 63g
Not provided
Sodium 17mg 57mg
Not provided
*Percentage Daily Intake per serving. Percentage Daily Intakes are based on an average adult diet of 8700 kJ. Your daily intakes may be higher or lower depending on your energy needs.
Disclaimer:
Product details, including nutritional information and country of origin, may change from time to time and so the product you receive in your order may not reflect the information on this page. Please check the packaging on any product you purchase and if it's not what you expected, feel free to return it for a full refund.
Details
Ingredients:
Strawberry Flavoured Yoghurt Coating (75%)(Sugar, Vegetable Oil, Milk Solids, Yoghurt Powder (Milk, Cultures), Natural Colour (162), Natural Flavour, Emulsifier (322)(Soy Lecithin), Acidity Regulator (330), Glazing Agent (904)), Australian Sultanas (25%)(Vegetable Oil).
Servings Per Pack:
1.0
Storage Instructions:
Store in a cool, dry place
Dimensions:
71 x 152 x 45mm
Size:
180g
Code: 5619069P
5 6 1 9 0 6 9 P
Customers also purchased
Sunbeam Sultana And Cranberry 6 pack
Sunbeam Sultana And Cranberry
6 pack
$3.30
6 pack $0.55 per 1Ea
Unit Price
Add
1
for $3.30

Coles Banana Chips 200g
Coles Banana Chips
200g
$2.00
200g $10.00 per 1Kg
Unit Price
Add
1
for $2.00"	['/wcsstore/Coles-CAS/images/5/6/1/5619069-th.jpg', '/wcsstore/Coles-CAS/images/5/6/1/5619069_L-th.jpg', '/wcsstore/Coles-CAS/images/5/6/1/5619069_R-th.jpg', '/wcsstore/Coles-CAS/images/5/6/1/5619069_B-th.jpg']
Nibblish	Gently Baked Pineapple	$ 5 .50	80g	$6.88 per 100G	"Nutrition Facts
Serving size: 1 serving = 20g
Qty
Quantity
per serving Qty
Quantity
per 100g / 100ml %
Percentage
daily intake*
Energy 240kJ 1200kJ
Not provided
Protein 0.4g 2g
Not provided
Total Fat 0.1g 0.6g
Not provided
Saturated Fat 0g 0.2g
Not provided
Carbohydrate 13.9g 69.3g
Not provided
Sugars 11.4g 57.2g
Not provided
Sodium 1.2mg 5.9mg
Not provided
*Percentage Daily Intake per serving. Percentage Daily Intakes are based on an average adult diet of 8700 kJ. Your daily intakes may be higher or lower depending on your energy needs.
Disclaimer:
Product details, including nutritional information and country of origin, may change from time to time and so the product you receive in your order may not reflect the information on this page. Please check the packaging on any product you purchase and if it's not what you expected, feel free to return it for a full refund.
Details
Ingredients:
Just pineapples and nothing else
Allergen:
Free From Tree Nuts, Free From Sulphites, Free From Cereals
Dietary:
No Preservatives
Servings Per Pack:
4.0
Storage Instructions:
Store in a cool spot below 30 degrees.
Suitable for:
Nibblish Fruit is just 100% fruit so is perfect for families looking for a healthy snack. Whether its for a lunchbox, a gym bag or for your desk drawer at work Nibblish is the perfect healthy snack.
Dimensions:
170 x 135 x 40mm
Usage Instructions:
Just eat it quick before anyone else finds the bag ;)
Size:
80g
Code: 5616140P
5 6 1 6 1 4 0 P"	['/wcsstore/Coles-CAS/images/5/6/1/5616140-th.jpg', '/wcsstore/Coles-CAS/images/5/6/1/5616140_B-th.jpg']
Snackify	Beat Box Mix	$ 4 .20	5 pack	$0.84 per 1Ea	"Nutrition Facts
Serving size: 1 serving = 25g
Qty
Quantity
per serving Qty
Quantity
per 100g / 100ml %
Percentage
daily intake*
Energy 578kJ 2310kJ
Not provided
Protein 3g 12.1g
Not provided
Total Fat 9.8g 39.3g
Not provided
Saturated Fat 4.5g 17.8g
Not provided
Carbohydrate 10.5g 41.9g
Not provided
Sugars 7.7g 30.9g
Not provided
Sodium 3mg 10mg
Not provided
*Percentage Daily Intake per serving. Percentage Daily Intakes are based on an average adult diet of 8700 kJ. Your daily intakes may be higher or lower depending on your energy needs.
Disclaimer:
Product details, including nutritional information and country of origin, may change from time to time and so the product you receive in your order may not reflect the information on this page. Please check the packaging on any product you purchase and if it's not what you expected, feel free to return it for a full refund.
Details
Ingredients:
Almonds (30%), Dark Choc Chip (26%) (Sugar, Vegetable Fat, Cocoa Powder, Emulsifier (Sunflower Lecithin), Natural Flavour), Dried Cherries (15%) (Cherries, Sugar, Sunflower Oil), Coconut (15%), Cashews (14%).
Allergen:
May Contain Soybean, May Contain Sulphites, May Contain Milk, May Contain Peanuts, May Contain Wheat, Contains Almonds, May Contain Tree Nuts, May Contain Sesame Seeds, May Contain Lupin, Contains Cashew
Environmental:
Conditionally Recyclable, Recyclable
Servings Per Pack:
1.0
Storage Instructions:
Keep in a cool, dry place away from direct sunlight.
Dimensions:
150 x 138 x 44mm
Size:
125g
Code: 5618394P
5 6 1 8 3 9 4 P
Customers also purchased
Sunbeam Sultanas Snack 6 Pack 240g
Sunbeam Sultanas Snack 6 Pack
240g
$3.00
240g $12.50 per 1Kg
Unit Price
Add
1
for $3.00

Harvest Box Classic Chocolate Dipped Almonds Multipack 5x20g 5 pack
Harvest Box Classic Chocolate Dipped Almonds Multipack 5x20g
5 pack
$6.95
5 pack $69.50 per 1Kg
Unit Price
Add
1
for $6.95

Snackify Tropical Island Mix 5 pack on special
Snackify Tropical Island Mix
5 pack on special
$4.20
save
$1.80
5 pack $0.84 per 1Ea
Unit Price
Add
1
for $4.20

Snackify White Choc Rocky Road Mix 5 pack on special
Snackify White Choc Rocky Road Mix
5 pack on special
$4.20
save
$1.80
5 pack $0.84 per 1Ea
Unit Price
Add
1
for $4.20"	['/wcsstore/Coles-CAS/images/5/6/1/5618394-th.jpg', '/wcsstore/Coles-CAS/images/5/6/1/5618394_L-th.jpg', '/wcsstore/Coles-CAS/images/5/6/1/5618394_B-th.jpg']
Ocean Spray	Reduced Sugar Raspberry Lemonade Craisins 25g	$ 3 .00	5 pack	$0.60 per 1Ea	"Disclaimer:
Product details, including nutritional information and country of origin, may change from time to time and so the product you receive in your order may not reflect the information on this page. Please check the packaging on any product you purchase and if it's not what you expected, feel free to return it for a full refund.
Details
Country of Origin:
Made in United States of America with local and imported ingredients
Code: 5615498P
5 6 1 5 4 9 8 P
Customers also purchased
Coles Banana Chips 200g
Coles Banana Chips
200g
$2.00
200g $10.00 per 1Kg
Unit Price
Add
1
for $2.00"	['/wcsstore/Coles-CAS/images/5/6/1/5615498-th.jpg', '/wcsstore/Coles-CAS/images/5/6/1/5615498_L-th.jpg', '/wcsstore/Coles-CAS/images/5/6/1/5615498_R-th.jpg', '/wcsstore/Coles-CAS/images/5/6/1/5615498_B-th.jpg']
Coles	Tropical Fruit Mix	$ 6 .00	300g	$20.00 per 1Kg	"Nutrition Facts
Serving size: 1 serving = 30g
Qty
Quantity
per serving Qty
Quantity
per 100g / 100ml %
Percentage
daily intake*
Energy 417 1390
Not provided
Energy Cal 100 333
Not provided
Protein LESS THAN 1g 1.6
Not provided
Total Fat LESS THAN 1g LESS THAN 1g
Not provided
Saturated Fat LESS THAN 1g LESS THAN 1g
Not provided
Trans 0.01 0.03 0
Carbohydrate 22.5 74.9
Not provided
Sugars 17.7 59 0
Dietary Fibre Total 2.7 9 0
Sodium 66 220
Not provided
*Percentage Daily Intake per serving. Percentage Daily Intakes are based on an average adult diet of 8700 kJ. Your daily intakes may be higher or lower depending on your energy needs.
Disclaimer:
Product details, including nutritional information and country of origin, may change from time to time and so the product you receive in your order may not reflect the information on this page. Please check the packaging on any product you purchase and if it's not what you expected, feel free to return it for a full refund.
Details
Ingredients:
INGREDIENTS: Mango (23%), Pineapple (22%), Rockmelon (17%), Coconut (15%), Sugar, Acidity Regulator (Citric Acid), Preservative (223).
Allergen:
May Be Present SOY, May Be Present MILK, Contains SULPHITES, May Be Present TREE NUTS, May Be Present PEANUTS, May Be Present SESAME, May Be Present CEREALS CONTAINING GLUTEN
Servings Per Pack:
10.0
Storage Instructions:
Seal tightly after openingrnStore in a cool, dry place
Code: 4448776P
4 4 4 8 7 7 6 P
Customers also purchased
Coles Dried Mixed Fruit 1kg
Coles Dried Mixed Fruit
1kg
$5.50
Until 02 May 2023
1kg $5.50 per 1Kg
Unit Price
Add
1
for $5.50

Angas Park Fruit Medley Dried 375g
Angas Park Fruit Medley Dried
375g
$9.00
375g $24.00 per 1Kg
Unit Price
Add
1
for $9.00

Angas Park Dried Apples 200g on special
Angas Park Dried Apples
200g on special
$3.50
save
$0.90
200g $17.50 per 1Kg
Unit Price
Add
1
for $3.50

Coles Dried Apple Slices 200g
Coles Dried Apple Slices
200g
$3.84
Until 02 May 2023
200g $1.92 per 100G
Unit Price
Add
1
for $3.84"	['/wcsstore/Coles-CAS/images/4/4/4/4448776-th.jpg', '/wcsstore/Coles-CAS/images/4/4/4/4448776_B-th.jpg']
Nibblish	Gently Baked Strawberry	$ 5 .50	80g	$6.88 per 100G	"Disclaimer:
Product details, including nutritional information and country of origin, may change from time to time and so the product you receive in your order may not reflect the information on this page. Please check the packaging on any product you purchase and if it's not what you expected, feel free to return it for a full refund.
Details
Country of Origin:
Made in China
Code: 5616446P
5 6 1 6 4 4 6 P"	['/wcsstore/Coles-CAS/images/5/6/1/5616446-th.jpg', '/wcsstore/Coles-CAS/images/5/6/1/5616446_B-th.jpg']
Snackify	Tropical Island Mix	$ 4 .20	5 pack	$0.84 per 1Ea	"Nutrition Facts
Serving size: 1 serving = 25g
Qty
Quantity
per serving Qty
Quantity
per 100g / 100ml %
Percentage
daily intake*
Energy 533kJ 2130kJ
Not provided
Protein 2.6g 10.5g
Not provided
Total Fat 7.2g 28.6g
Not provided
Saturated Fat 5.1g 20.2g
Not provided
Carbohydrate 14.8g 59.4g
Not provided
Sugars 9.8g 39.1g
Not provided
Sodium 19mg 77mg
Not provided
*Percentage Daily Intake per serving. Percentage Daily Intakes are based on an average adult diet of 8700 kJ. Your daily intakes may be higher or lower depending on your energy needs.
Disclaimer:
Product details, including nutritional information and country of origin, may change from time to time and so the product you receive in your order may not reflect the information on this page. Please check the packaging on any product you purchase and if it's not what you expected, feel free to return it for a full refund.
Details
Ingredients:
Dried Mango (30%) (Mango, Sugar, Acidity Regulator (Citric Acid), Preservative (223) (Sulphites)), Banana Chips (24%) (Bananas, Coconut Oil, Sugar, Natural Flavour), White Choc Gems (23%) (Sugar, Vegetable Fat, Whey Powder (Milk), Emulsifier (Soy Lecithin), Natural Flavour), Macadamias (12%), Coconut (11%).
Allergen:
Contains Soybean, Contains Macadamia Nuts, May Contain Peanuts, May Contain Wheat, May Contain Tree Nuts, May Contain Sesame Seeds, May Contain Lupin, Contains Milk, Contains Sulphites
Environmental:
Conditionally Recyclable, Recyclable
Servings Per Pack:
1.0
Storage Instructions:
Keep in a cool, dry place away from direct sunlight.
Dimensions:
150 x 138 x 44mm
Size:
125g
Code: 5618430P
5 6 1 8 4 3 0 P
Customers also purchased
Harvest Box Classic Chocolate Dipped Almonds Multipack 5x20g 5 pack
Harvest Box Classic Chocolate Dipped Almonds Multipack 5x20g
5 pack
$6.95
5 pack $69.50 per 1Kg
Unit Price
Add
1
for $6.95

Snackify Beat Box Mix 5 pack on special
Snackify Beat Box Mix
5 pack on special
$4.20
save
$1.80
5 pack $0.84 per 1Ea
Unit Price
Add
1
for $4.20

Snackify White Choc Rocky Road Mix 5 pack on special
Snackify White Choc Rocky Road Mix
5 pack on special
$4.20
save
$1.80
5 pack $0.84 per 1Ea
Unit Price
Add
1
for $4.20"	['/wcsstore/Coles-CAS/images/5/6/1/5618430-th.jpg', '/wcsstore/Coles-CAS/images/5/6/1/5618430_L-th.jpg', '/wcsstore/Coles-CAS/images/5/6/1/5618430_B-th.jpg']
Ocean Spray	Reduced Sugar Original Craisins Snack Pack	$ 3 .00	5 pack	$0.60 per 1Ea	"Disclaimer:
Product details, including nutritional information and country of origin, may change from time to time and so the product you receive in your order may not reflect the information on this page. Please check the packaging on any product you purchase and if it's not what you expected, feel free to return it for a full refund.
Details
Country of Origin:
Made in United States of America with local and imported ingredients
Code: 5615523P
5 6 1 5 5 2 3 P
Customers also purchased
Snackify Tropical Island Mix 5 pack on special
Snackify Tropical Island Mix
5 pack on special
$4.20
save
$1.80
5 pack $0.84 per 1Ea
Unit Price
Add
1
for $4.20

Snackify Beat Box Mix 5 pack on special
Snackify Beat Box Mix
5 pack on special
$4.20
save
$1.80
5 pack $0.84 per 1Ea
Unit Price
Add
1
for $4.20

Snackify White Choc Rocky Road Mix 5 pack on special
Snackify White Choc Rocky Road Mix
5 pack on special
$4.20
save
$1.80
5 pack $0.84 per 1Ea
Unit Price
Add
1
for $4.20"	['/wcsstore/Coles-CAS/images/5/6/1/5615523-th.jpg', '/wcsstore/Coles-CAS/images/5/6/1/5615523_L-th.jpg', '/wcsstore/Coles-CAS/images/5/6/1/5615523_R-th.jpg', '/wcsstore/Coles-CAS/images/5/6/1/5615523_B-th.jpg']
Snackify	White Choc Rocky Road Mix	$ 4 .20	5 pack	$0.84 per 1Ea	"Nutrition Facts
Serving size: 1 serving = 27g
Qty
Quantity
per serving Qty
Quantity
per 100g / 100ml %
Percentage
daily intake*
Energy 577kJ 2140kJ
Not provided
Protein 2.5g 9.3g
Not provided
Total Fat 8.1g 30.1g
Not provided
Saturated Fat 3g 11.1g
Not provided
Carbohydrate 13.9g 51.4g
Not provided
Sugars 11.5g 42.5g
Not provided
Sodium 12mg 43mg
Not provided
*Percentage Daily Intake per serving. Percentage Daily Intakes are based on an average adult diet of 8700 kJ. Your daily intakes may be higher or lower depending on your energy needs.
Disclaimer:
Product details, including nutritional information and country of origin, may change from time to time and so the product you receive in your order may not reflect the information on this page. Please check the packaging on any product you purchase and if it's not what you expected, feel free to return it for a full refund.
Details
Ingredients:
Almonds (32%), White Choc Gems (31%) (Sugar, Vegetable Fat, Whey Powder (Milk), Emulsifier (Soy Lecithin), Natural Flavour), Dried Cranberries (30%) (Cranberries, Sugar, Citric Acid, Vegetable Oil, Aronia Juice Concentrate), Pistachios (7%).
Allergen:
Contains Soybean, May Contain Sulphites, Contains Pistachios, May Contain Peanuts, May Contain Wheat, Contains Almonds, May Contain Tree Nuts, May Contain Sesame Seeds, May Contain Lupin, Contains Milk
Environmental:
Conditionally Recyclable, Recyclable
Servings Per Pack:
1.0
Storage Instructions:
Keep in a cool, dry place away from direct sunlight.
Dimensions:
150 x 138 x 44mm
Size:
135g
Code: 5617959P
5 6 1 7 9 5 9 P
Customers also purchased
Sunbeam Sultana And Cranberry 6 pack
Sunbeam Sultana And Cranberry
6 pack
$3.30
6 pack $0.55 per 1Ea
Unit Price
Add
1
for $3.30

Harvest Box Classic Chocolate Dipped Almonds Multipack 5x20g 5 pack
Harvest Box Classic Chocolate Dipped Almonds Multipack 5x20g
5 pack
$6.95
5 pack $69.50 per 1Kg
Unit Price
Add
1
for $6.95

Snackify Tropical Island Mix 5 pack on special
Snackify Tropical Island Mix
5 pack on special
$4.20
save
$1.80
5 pack $0.84 per 1Ea
Unit Price
Add
1
for $4.20

Snackify Beat Box Mix 5 pack on special
Snackify Beat Box Mix
5 pack on special
$4.20
save
$1.80
5 pack $0.84 per 1Ea
Unit Price
Add
1
for $4.20"	['/wcsstore/Coles-CAS/images/5/6/1/5617959-th.jpg', '/wcsstore/Coles-CAS/images/5/6/1/5617959_L-th.jpg', '/wcsstore/Coles-CAS/images/5/6/1/5617959_B-th.jpg']
Ocean Spray	Reduced Sugar Strawbe Kiwi Craisins Snack Pack	$ 3 .00	5 pack	$0.60 per 1Ea	"Disclaimer:
Product details, including nutritional information and country of origin, may change from time to time and so the product you receive in your order may not reflect the information on this page. Please check the packaging on any product you purchase and if it's not what you expected, feel free to return it for a full refund.
Details
Country of Origin:
Made in United States of America with local and imported ingredients
Code: 5615534P
5 6 1 5 5 3 4 P"	['/wcsstore/Coles-CAS/images/5/6/1/5615534-th.jpg', '/wcsstore/Coles-CAS/images/5/6/1/5615534_L-th.jpg', '/wcsstore/Coles-CAS/images/5/6/1/5615534_R-th.jpg', '/wcsstore/Coles-CAS/images/5/6/1/5615534_B-th.jpg']
Fresh	Bananas	$ 0 .72	approx. 180g	$4.00 per 1Kg	"Disclaimer:
Product details, including nutritional information and country of origin, may change from time to time and so the product you receive in your order may not reflect the information on this page. Please check the packaging on any product you purchase and if it's not what you expected, feel free to return it for a full refund.
Code: 409499P
4 0 9 4 9 9 P"	[]
Fresh	Strawberries Prepacked	$ 3 .70	250g	$14.80 per 1Kg	"Disclaimer:
Product details, including nutritional information and country of origin, may change from time to time and so the product you receive in your order may not reflect the information on this page. Please check the packaging on any product you purchase and if it's not what you expected, feel free to return it for a full refund.
Code: 5191256P
5 1 9 1 2 5 6 P
Customers also purchased
Coles Blackberries Prepacked 125g on special
Coles Blackberries Prepacked
125g on special
$3.90
125g $31.20 per 1Kg
Unit Price
Add
1
for $3.90

Coles Blueberries Prepacked 125g
Coles Blueberries Prepacked
125g
$4.70
125g $37.60 per 1Kg
Unit Price
Add
1
for $4.70

Coles Raspberries 125g on special
Coles Raspberries
125g on special
$4.00
125g $32.00 per 1Kg
Unit Price
Add
1
for $4.00"	[]
Coles	Seedless Watermelon Cut	$ 4 .97	approx 1.99 kg	$2.50 per 1Kg	"Disclaimer:
Product details, including nutritional information and country of origin, may change from time to time and so the product you receive in your order may not reflect the information on this page. Please check the packaging on any product you purchase and if it's not what you expected, feel free to return it for a full refund.
Code: 7508229P
7 5 0 8 2 2 9 P
Customers also purchased
Coles Honeydew Melon Whole
Coles Honeydew Melon Whole
$4.90
$4.90 per 1Ea
Unit Price
Add
1
for $4.90

Fresh Half Honeydew Melon
Fresh Half Honeydew Melon
$2.90
$2.90 per 1Ea
Unit Price
Add
1
for $2.90

Coles Rockmelon Whole on special
Coles Rockmelon Whole
on special
$3.90
$3.90 per 1Ea
Unit Price
Add
1
for $3.90"	['/wcsstore/Coles-CAS/images/7/5/0/7508229-th.jpg', '/wcsstore/Coles-CAS/images/7/5/0/7508229_L-th.jpg', '/wcsstore/Coles-CAS/images/7/5/0/7508229_R-th.jpg', '/wcsstore/Coles-CAS/images/7/5/0/7508229_B-th.jpg']
Coles	Grape Perino Tomatoes Prepacked	$ 4 .90	200g	$24.50 per 1Kg	"Disclaimer:
Product details, including nutritional information and country of origin, may change from time to time and so the product you receive in your order may not reflect the information on this page. Please check the packaging on any product you purchase and if it's not what you expected, feel free to return it for a full refund.
Code: 7265535P
7 2 6 5 5 3 5 P
Customers also purchased
Coles Cocktail Truss Tomatoes 250g on special
Coles Cocktail Truss Tomatoes
250g on special
$2.90
250g $11.60 per 1Kg
Unit Price
Add
1
for $2.90

Coles Mini Tomatoes 125g
Coles Mini Tomatoes
125g
$4.90
125g $39.20 per 1Kg
Unit Price
Add
1
for $4.90"	['/wcsstore/Coles-CAS/images/7/2/6/7265535-th.jpg', '/wcsstore/Coles-CAS/images/7/2/6/7265535_B-th.jpg']
Coles	Pink Lady Apples	$ 1 .30	approx. 200g	$6.50 per 1Kg	"Disclaimer:
Product details, including nutritional information and country of origin, may change from time to time and so the product you receive in your order may not reflect the information on this page. Please check the packaging on any product you purchase and if it's not what you expected, feel free to return it for a full refund.
Details
Features:
Pink Ladys are a popular apple variety that is known for its brilliant pink blush colour that covers its vivid green-yellow skin. Contrary to popular belief, the pink blush is not an indicator of sweetness as different varieties of Pink Lady apples have differing amounts of colouring, it is in fact the yellow undercoat under the blush that indicates its sweetness!The crunchy white flesh of these apples creates an almost fizz like burst of flavour with each bite. Their sweet and slightly tarty flavour makes them a perfect lunchbox healthy snack for the kids!Apples are a great source of Vitamin C along with calcium, iron, boron and pectin with most of the nutrients directly under the skin, this is why is it healthier to eat your apples with their skin on.
Code: 5111654P
5 1 1 1 6 5 4 P
Customers also purchased
Fresh Granny Smith Medium Apples approx. 170g
Fresh Granny Smith Medium Apples
approx. 170g
$0.83
approx. 170g $4.90 per 1Kg
Unit Price
Price is an estimate
Add
1
for $0.83

Coles Royal Gala Apples Loose approx. 160g on special
Coles Royal Gala Apples Loose
approx. 160g on special
$0.72
approx. 160g $4.50 per 1Kg
Unit Price
Price is an estimate
Add
1
for $0.72

Coles Jazz Apples approx. 160g
Coles Jazz Apples
approx. 160g
$1.20
approx. 160g $7.50 per 1Kg
Unit Price
Price is an estimate
Add
1
for $1.20"	[]
Coles	Kids Pack Bananas	$ 4 .00	750g	$5.33 per 1Kg	"Disclaimer:
Product details, including nutritional information and country of origin, may change from time to time and so the product you receive in your order may not reflect the information on this page. Please check the packaging on any product you purchase and if it's not what you expected, feel free to return it for a full refund.
Code: 2511791P
2 5 1 1 7 9 1 P"	['/wcsstore/Coles-CAS/images/2/5/1/2511791-th.jpg', '/wcsstore/Coles-CAS/images/2/5/1/2511791_L-th.jpg']
Coles	Baby Cucumbers	$ 4 .50	250g	$18.00 per 1Kg	"Disclaimer:
Product details, including nutritional information and country of origin, may change from time to time and so the product you receive in your order may not reflect the information on this page. Please check the packaging on any product you purchase and if it's not what you expected, feel free to return it for a full refund.
Details
Servings Per Pack:
4.0
Code: 4578148P
4 5 7 8 1 4 8 P
Customers also purchased
Coles Green Cucumber
Coles Green Cucumber
$2.90
$2.90 per 1Ea
Unit Price
Add
1
for $2.90

Coles Continental Cucumbers Loose
Coles Continental Cucumbers Loose
$3.50
$3.50 per 1Ea
Unit Price
Add
1
for $3.50

Coles Mini Q's Cucumber 125g
Coles Mini Q's Cucumber
125g
$4.90
125g $39.20 per 1Kg
Unit Price
Add
1
for $4.90"	['/wcsstore/Coles-CAS/images/4/5/7/4578148-th.jpg', '/wcsstore/Coles-CAS/images/4/5/7/4578148_L-th.jpg', '/wcsstore/Coles-CAS/images/4/5/7/4578148_R-th.jpg', '/wcsstore/Coles-CAS/images/4/5/7/4578148_B-th.jpg']
Fresh	Medium Navel Oranges	$ 1 .24	approx. 180g	$6.90 per 1Kg	"Disclaimer:
Product details, including nutritional information and country of origin, may change from time to time and so the product you receive in your order may not reflect the information on this page. Please check the packaging on any product you purchase and if it's not what you expected, feel free to return it for a full refund.
Details
Country of Origin:
Product of USA
Code: 4255717P
4 2 5 5 7 1 7 P
Customers also purchased
Coles Cara Cara Oranges approx.170g
Coles Cara Cara Oranges
approx.170g
$1.51
approx.170g $8.90 per 1Ea
Unit Price
Price is an estimate
Add
170g
for $1.51"	[]
Coles	Cherry Tomatoes Prepacked	$ 2 .00	250g	$8.00 per 1Kg	"Disclaimer:
Product details, including nutritional information and country of origin, may change from time to time and so the product you receive in your order may not reflect the information on this page. Please check the packaging on any product you purchase and if it's not what you expected, feel free to return it for a full refund.
Code: 4834736P
4 8 3 4 7 3 6 P
Customers also purchased
Coles Vine Ripened Tomatoes Prepacked 500g
Coles Vine Ripened Tomatoes Prepacked
500g
$4.50
500g $9.00 per 1Kg
Unit Price
Add
1
for $4.50

Coles Tomatoes Gourmet 1Kg
Coles Tomatoes Gourmet 1Kg
$5.90
$5.90 per 1Kg
Unit Price
Add
1
for $5.90

Coles Tomatoes Kumato 500g on special
Coles Tomatoes Kumato
500g on special
$5.50
500g $11.00 per 1Kg
Unit Price
Add
1
for $5.50

Coles Roma Tomatoes 480g
Coles Roma Tomatoes
480g
$5.50
480g $11.46 per 1Kg
Unit Price
Add
1
for $5.50"	['/wcsstore/Coles-CAS/images/4/8/3/4834736-th.jpg', '/wcsstore/Coles-CAS/images/4/8/3/4834736_L-th.jpg', '/wcsstore/Coles-CAS/images/4/8/3/4834736_R-th.jpg', '/wcsstore/Coles-CAS/images/4/8/3/4834736_B-th.jpg']
Coles	Royal Gala Apples Loose	$ 0 .72	approx. 160g	$4.50 per 1Kg	"Disclaimer:
Product details, including nutritional information and country of origin, may change from time to time and so the product you receive in your order may not reflect the information on this page. Please check the packaging on any product you purchase and if it's not what you expected, feel free to return it for a full refund.
Code: 5226000P
5 2 2 6 0 0 0 P
Customers also purchased
Coles Pink Lady Apples approx. 200g
Coles Pink Lady Apples
approx. 200g
$1.30
approx. 200g $6.50 per 1Kg
Unit Price
Price is an estimate
Add
1
for $1.30

Fresh Granny Smith Medium Apples approx. 170g
Fresh Granny Smith Medium Apples
approx. 170g
$0.83
approx. 170g $4.90 per 1Kg
Unit Price
Price is an estimate
Add
1
for $0.83

Coles I'M Perfect Apples Prepacked 2kg
Coles I'M Perfect Apples Prepacked
2kg
$6.50
2kg $3.25 per 1Kg
Unit Price
Add
1
for $6.50"	[]
Birds Eye	Frozen Fish Fillets With Original Crumb Oven Bake 6 pack	$ 10 .50	425g	$24.71 per 1Kg	"Nutrition Facts
Serving size: 1 serving = 141g
Qty
Quantity
per serving Qty
Quantity
per 100g / 100ml %
Percentage
daily intake*
Energy 1240kJ 878kJ
Not provided
Protein 17.1g 12.1g
Not provided
Total Fat 12.4g 8.8g
Not provided
Saturated Fat 1.3g 0.9g
Not provided
Trans 0.1g 0.1g
Not provided
Polyunsaturated 3.4g 2.4g
Not provided
Mono Unsaturated 7.8g 5.5g
Not provided
Carbohydrate 27.9g 19.8g
Not provided
Sugars 5.4g 3.8g
Not provided
Dietary Fibre Total 1.8g 1.3g
Not provided
Sodium 353mg 250mg
Not provided
*Percentage Daily Intake per serving. Percentage Daily Intakes are based on an average adult diet of 8700 kJ. Your daily intakes may be higher or lower depending on your energy needs.
Disclaimer:
Product details, including nutritional information and country of origin, may change from time to time and so the product you receive in your order may not reflect the information on this page. Please check the packaging on any product you purchase and if it's not what you expected, feel free to return it for a full refund.
Details
Ingredients:
New Zealand hoki fillets (*fish*) (51%). Crumb coating (49%) (*wheat* flour, water, canola oil, *wheat* starch, tapioca starch, potato starch, salt, glucose, *wheat* gluten, chia flour, yeast, sugar, black pepper). *Contains wheat, gluten, fish.*
Allergen:
Contains Fish, Contains Gluten, Contains Wheat
Servings Per Pack:
3.0
Dimensions:
185 x 149 x 55mm
Size:
425g
Preparation Instructions:
Refer to pack
Code: 84452P
8 4 4 5 2 P
Customers also purchased
Birds Eye Frozen Fish Fillets With Original Lightly Battered Oven Bake 6 Pack 425g
Birds Eye Frozen Fish Fillets With Original Lightly Battered Oven Bake 6 Pack
425g
$10.50
425g $24.71 per 1Kg
Unit Price
Add
1
for $10.50

Birds Eye Frozen Fish Fillets With Herb & Garlic Crumb Oven Bake 6 pack 425g
Birds Eye Frozen Fish Fillets With Herb & Garlic Crumb Oven Bake 6 pack
425g
$10.50
425g $24.71 per 1Kg
Unit Price
Add
1
for $10.50

I&J Frozen Tasty Lightly Crumbed Calamari Rings 400g everyday product
I&J Frozen Tasty Lightly Crumbed Calamari Rings
400g everyday product
$9.00
400g $22.50 per 1Kg
Unit Price
Add
1
for $9.00

Birds Eye Frozen Fish Fingers 40 Pieces 1kg everyday product
Birds Eye Frozen Fish Fingers 40 Pieces
1kg everyday product
$10.50
1kg $10.50 per 1Kg
Unit Price
Add
1
for $10.50"	['/wcsstore/Coles-CAS/images/8/4/4/84452-th.jpg', '/wcsstore/Coles-CAS/images/8/4/4/84452_B-th.jpg']
Maggi	2 Minute Chicken Flavour Noodles 5 Pack	$ 5 .00	360g	$1.39 per 100Ea	"Nutrition Facts
Serving size: 1 serving = 380 g
Qty
Quantity
per serving Qty
Quantity
per 100g / 100ml %
Percentage
daily intake*
Energy 1250 kJ As Prepared 330 kJ 14%
Protein 7.2 g As Prepared 1.9 g 14%
Total Fat
Not provided
3 g 16%
Saturated Fat 5.2 g As Prepared 1.4 g 22%
Carbohydrate 40.6 g As Prepared 10.7 g 13%
Sugars 1 g As Prepared 1 g 1%
Dietary Fibre Total 1.8 g As Prepared 1 g 6%
Sodium 935 mg As Prepared 245 mg 41%
*Percentage Daily Intake per serving. Percentage Daily Intakes are based on an average adult diet of 8700 kJ. Your daily intakes may be higher or lower depending on your energy needs.
Disclaimer:
Product details, including nutritional information and country of origin, may change from time to time and so the product you receive in your order may not reflect the information on this page. Please check the packaging on any product you purchase and if it's not what you expected, feel free to return it for a full refund.
Details
Country of Origin:
Made in Malaysia
Ingredients:
Our Chosen Ingredients: Noodle Cake : Whea T Flour, Vegetable Oil [Antioxidant (319)], Salt, Mineral Salts ( 508, 451, 501, 500), Vegetable Gum (412). Flavour Sachet: Iodised Salt, Flavour Enhancers (621, 635), Mineral Salt (508), Maltodextrin, Flavours (621) (Contains Wheat , Soy and Celery ), Sugar, Onion Powder, Vegetable Fat [Antioxidant (320)], Parsley Flakes, Colours (Turmeric, Caramel Iii), Spices (Coriander, Cumin, Cardamom, Chilli Powder, Ginger).
Allergen:
May Be Present Mustard, May Be Present Milk, May Be Present Crustacea, May Be Present Fish
Servings Per Pack:
5.0
Storage Instructions:
Store in A Cool Dry Place
Size:
360 g
Preparation Instructions:
Fresh Meal Ideas Asian Chicken Noodle Soup Serves: 4 Preparation Time:
10 Minutes Cooking Time: 8 Minutes Easy 2 Pkts Maggi 2 Minute Noodles Chicken 5 Cups (1.25 L) Boiling Water 1 Tbsp Salt Reduced Soy Sauce Tsp Ginger Puree 2 Tsp Brown Sugar Cooked Chicken, Skin and Bones Removed, Shredded 1 Green Onion, Sliced Thinly Cup Coriander Leaves 1 Bunch (500g) Bok Choy, Chopped Roughly.
Break Maggi 2 Minute Noodle Cakes Into Quarters; Combine Noodles, Contents of Flavour Sachets, Water, Soy, Ginger and Brown Sugar in Saucepan.
Bring To Boil, Simmer 2 Minutes. Stir in Remaining Ingredients. Serve Immediately. Stove Top Break Noodle Cake Into Quarters. Cook in 1 1/2 Cups (375ml) of Boiling Water On Stove Top for 2 Minutes. Stir in Contents of Flavour Sachet. Microwave Break Noodle Cake Into Quarters. Cook in 1 1/2 Cups (375ml) of Boiling Water in An 850 Watt Microwave Oven On High for 2 Minutes. Stir in Contents of Flavour Sachet. Caution Take Care When Removing As Contents Will Be Very Hot. Serve With Or Without Broth As Desired.
Code: 5366972P
5 3 6 6 9 7 2 P
Customers also purchased
Maggi Fusian Mi Goreng Hot And Spicy Flavour Noodles 5 Pack 365g
Maggi Fusian Mi Goreng Hot And Spicy Flavour Noodles 5 Pack
365g
$5.50
365g $1.51 per 100G
Unit Price
3more varieties
of Maggi Fusian Mi Goreng Hot And Spicy Flavour Noodles 5 Pack 365g
Add
1
for $5.50

Maggi 2 Minute Oriental Flavour Noodles 5 Pack 370g
Maggi 2 Minute Oriental Flavour Noodles 5 Pack
370g
$5.00
370g $1.35 per 100G
Unit Price
4more varieties
of Maggi 2 Minute Oriental Flavour Noodles 5 Pack 370g
Add
1
for $5.00

Maggi 2 Minute Beef Flavour Noodles 5 Pack 370g
Maggi 2 Minute Beef Flavour Noodles 5 Pack
370g
$5.00
370g $1.35 per 100G
Unit Price
5more sizes and varieties
of Maggi 2 Minute Beef Flavour Noodles 5 Pack 370g
Add
1
for $5.00"	['/wcsstore/Coles-CAS/images/5/3/6/5366972-th.jpg', '/wcsstore/Coles-CAS/images/5/3/6/5366972_L-th.jpg', '/wcsstore/Coles-CAS/images/5/3/6/5366972_R-th.jpg', '/wcsstore/Coles-CAS/images/5/3/6/5366972_B-th.jpg']
Maggi	2 Minute Noodles Chicken Single Cup	$ 1 .80	60g	$3.00 per 100G	"Nutrition Facts
Serving size: 1 serving = 360 g
Qty
Quantity
per serving Qty
Quantity
per 100g / 100ml %
Percentage
daily intake*
Energy 1290 kJ As Prepared 360 kJ 15%
Protein 4.8 g As Prepared 1.3 g 10%
Total Fat
Not provided
2.8 g 15%
Saturated Fat 4.9 g As Prepared 1.4 g 20%
Carbohydrate 37 g As Prepared 10.3 g 12%
Sugars 1.8 g As Prepared 1 g 2%
Dietary Fibre Total 1.9 g As Prepared 1 g 6%
Sodium 1515 mg As Prepared 420 mg 66%
*Percentage Daily Intake per serving. Percentage Daily Intakes are based on an average adult diet of 8700 kJ. Your daily intakes may be higher or lower depending on your energy needs.
Disclaimer:
Product details, including nutritional information and country of origin, may change from time to time and so the product you receive in your order may not reflect the information on this page. Please check the packaging on any product you purchase and if it's not what you expected, feel free to return it for a full refund.
Details
Country of Origin:
Made in Malaysia
Ingredients:
Our Chosen Ingredients Noodle Cake: Wheat Flour, Vegetable Oil [Antioxidant (319)], Tapioca Starch, Salt, Mineral Salts (508, 451, 501, 500), Vegetable Gum (412). Flavour Sachet: Iodised Salt, Flavour Enhancers (621, 635), Mineral Salt (508), Maltodextrin, Flavours [(621)( Wheat , Soy and Celery )], Sugar, Onion ,Vegetable Fat [Antioxidant (320)], Parsley Flakes, Colours (Turmeric, Caramel Iii) Spices (Coriander, Cumin, Cardamom, Chilli Powder, Ginger). Garnish: Carrot. Contains: Wheat, Soy and Celery. May Contain: Crustacean, Fish, Milk and Mustard .
Allergen:
May Be Present Mustard, May Be Present Milk, May Be Present Crustacea, May Be Present Fish
Servings Per Pack:
1.0
Storage Instructions:
Store in A Cool Dry Place.
Size:
60 g
Preparation Instructions:
Open, Stir Well, Enjoy.
Fill Boiling Water Up To the Line Inside.
Add Flavours.
Close the Lid Wait - 3 Mins Caution: Cup and Noodles Will Be Hot After 3 Mins. Handle With Care. Do Not Lift By Lid. Place Cup On A Stable Surface To Enjoy Your Noodles
Code: 8109284P
8 1 0 9 2 8 4 P
Customers also purchased
Maggi 2 Minute Noodles Beef Single Cup 58g on special
Maggi 2 Minute Noodles Beef Single Cup
58g on special
$1.80
save
$0.70
58g $3.10 per 100G
Unit Price
Add
1
for $1.80

Maggi Fusian Noodle Cup Soy & Mild Spice 64g on special
Maggi Fusian Noodle Cup Soy & Mild Spice
64g on special
$1.80
save
$0.70
64g $2.81 per 100G
Unit Price
Add
1
for $1.80

Maggi Noodle Cup Oriental Flavour 60g on special
Maggi Noodle Cup Oriental Flavour
60g on special
$1.80
save
$0.70
60g $3.00 per 100G
Unit Price
Add
1
for $1.80

Maggi Fusian Noodle Cup Japanese Teriyaki Chicken 62g on special
Maggi Fusian Noodle Cup Japanese Teriyaki Chicken
62g on special
$1.80
save
$0.70
62g $2.90 per 100G
Unit Price
Add
1
for $1.80"	['/wcsstore/Coles-CAS/images/8/1/0/8109284-th.jpg', '/wcsstore/Coles-CAS/images/8/1/0/8109284_B-th.jpg']
Maggi	2 Minute Beef Flavour Noodles 5 Pack	$ 5 .00	370g	$1.35 per 100G	"Disclaimer:
Product details, including nutritional information and country of origin, may change from time to time and so the product you receive in your order may not reflect the information on this page. Please check the packaging on any product you purchase and if it's not what you expected, feel free to return it for a full refund.
Details
Country of Origin:
Made in Malaysia
Size:
370 g
Code: 5366983P
5 3 6 6 9 8 3 P
Customers also purchased
Maggi 2 Minute Oriental Flavour Noodles 5 Pack 370g
Maggi 2 Minute Oriental Flavour Noodles 5 Pack
370g
$5.00
370g $1.35 per 100G
Unit Price
4more varieties
of Maggi 2 Minute Oriental Flavour Noodles 5 Pack 370g
Add
1
for $5.00

Indomie Fried BBQ Chicken Instant Noodles 5 Pack 85g
Indomie Fried BBQ Chicken Instant Noodles 5 Pack
85g
$3.95
Until 02 May 2023
85g $0.93 per 100G
Unit Price
Add
1
for $3.95

Maggi 2 Minute Chicken Flavour Noodles 5 Pack 360g
Maggi 2 Minute Chicken Flavour Noodles 5 Pack
360g
$5.00
360g $1.39 per 100Ea
Unit Price
4more sizes and varieties
of Maggi 2 Minute Chicken Flavour Noodles 5 Pack 360g
Add
1
for $5.00"	['/wcsstore/Coles-CAS/images/5/3/6/5366983-th.jpg', '/wcsstore/Coles-CAS/images/5/3/6/5366983_B-th.jpg']
Maggi	2 Minute Chicken Flavour Noodles 12 Pack	$ 10 .00	864g	$1.16 per 100G	"Nutrition Facts
Serving size: 1 serving = 380 g
Qty
Quantity
per serving Qty
Quantity
per 100g / 100ml %
Percentage
daily intake*
Energy 1250 kJ As Prepared 330 kJ 14%
Protein 7.2 g As Prepared 1.9 g 14%
Total Fat
Not provided
3 g 16%
Saturated Fat 5.2 g As Prepared 1.4 g 22%
Carbohydrate 40.6 g As Prepared 10.7 g 13%
Sugars 1 g As Prepared 1 g 1%
Dietary Fibre Total 1.8 g As Prepared 1 g 6%
Sodium 935 mg As Prepared 245 mg 41%
*Percentage Daily Intake per serving. Percentage Daily Intakes are based on an average adult diet of 8700 kJ. Your daily intakes may be higher or lower depending on your energy needs.
Disclaimer:
Product details, including nutritional information and country of origin, may change from time to time and so the product you receive in your order may not reflect the information on this page. Please check the packaging on any product you purchase and if it's not what you expected, feel free to return it for a full refund.
Details
Country of Origin:
Made in Malaysia
Ingredients:
Our Chosen Ingredients: Noodle Cake: Wheat Flour, Vegetable Oil [Antioxidant (319)], Salt, Mineral Salts (508, 451, 501, 500), Vegetable Gum (412). Flavour Sachet: Iodised Salt, Flavour Enhancers (621, 635), Mineral Salt (508), Maltodextrin, Flavours (621) ( Wheat , Soy and Celery ), Sugar, Onion Powder, Vegetable Fat [Antioxidant (320)], Parsley Flakes, Colours (Turmeric, Caramel Iii), Spices (Coriander, Cumin, Cardamom, Chilli Powder, Ginger).
Allergen:
May Be Present Mustard, May Be Present Milk, May Be Present Crustacea, May Be Present Fish
Servings Per Pack:
12.0
Storage Instructions:
Store in A Cool Dry Place
Size:
864 g
Preparation Instructions:
Fresh Meal Ideas Asian Chicken Noodle Soup Serves: 4prep Time:
10 Minutescooking Time: 8 Minutes 2 Pkts Maggi 2 Minute Noodles Chicken 5 Cups (1.25 L) Boiling Water 1 Tbsp Soy Sauce Tsp Ginger Puree 2 Tsp Brown Sugar Cooked Chicken, Skin and Bones Removed, Meat Shredded 1 Green Onion, Thinly Sliced Cup Coriander Leaves 1 Bunch (500g) Bok Choy, Chopped Roughly
Break Maggi 2 Minute Noodle Cakes Into Quarters; Combine Noodles, Contents of Flavour Sachets, Water, Soy, Ginger and Brown Sugar in Saucepan.
Bring To Boil, Simmer 2 Minutes. Stir in Remaining Ingredients. Serve Immediately. Stove Top Break Noodle Cake Into Quarters. Cook in 1 1/2 Cups (375ml) of Boiling Water On Stove Top for 2 Minutes. Stir in Contents of Flavour Sachet. Microwave Break Noodle Cake Into Quarters. Cook in 1 1/2 Cups (375ml) of Boiling Water in An 850 Watt Microwave Oven On High for 2 Minutes. Stir in Contents of Flavour Sachet. Caution Take Care When Removing As Contents Will Be Very Hot. Serve With Or Without Broth As Desired.
Code: 1616626P
1 6 1 6 6 2 6 P"	['/wcsstore/Coles-CAS/images/1/6/1/1616626-th.jpg', '/wcsstore/Coles-CAS/images/1/6/1/1616626_B-th.jpg']
Maggi	2 Minute Noodles Chicken Cup 4 Pack	$ 8 .00	240g	$3.33 per 100G	"Disclaimer:
Product details, including nutritional information and country of origin, may change from time to time and so the product you receive in your order may not reflect the information on this page. Please check the packaging on any product you purchase and if it's not what you expected, feel free to return it for a full refund.
Details
Country of Origin:
Made in Malaysia
Ingredients:
Our Chosen Ingredients Noodle Cake: Wheat Flour, Vegetable Oil [Antioxidant (319)], Tapioca Starch, Salt, Mineral Salts (508, 451, 501, 500), Vegetable Gum (412). Flavour Sachet: Iodised Salt, Flavour Enhancers (621, 635), Mineral Salt (508), Maltodextrin, Flavours [(621)( Wheat, Soy and Celery )], Sugar, Onion ,Vegetable Fat [Antioxidant (320)], Parsley Flakes, Colours (Turmeric, Caramel Iii), Spices (Coriander, Cumin, Cardamom, Chilli Powder, Ginger). Garnish: Carrot. Contains: Wheat, Soy and Celery. May Contain: Crustacean, Fish, Milk,And Mustard.
Allergen:
Contains Soybean, May Contain Crustacea, May Contain Milk, May Contain Fish, Contains Wheat
Servings Per Pack:
4.0
Storage Instructions:
Store in A Cool Dry Place.
Dimensions:
215 x 204 x 99mm
Size:
240g
Preparation Instructions:
Open, Stir Well Enjoy.
Fill Boiling Water Up To the Line Inside.
Add Flavours.
Close the Lid Wait - 3 Mins Caution: Cup and Noodles Will Be Hot After 3mins. Handle With Care. Do Not Lift By Lid. Place Cup On A Stable Surface To Enjoy Your Noodles.
Code: 8100950P
8 1 0 0 9 5 0 P
Customers also purchased
Maggi 2 Minute Noodles Beef Single Cup 58g on special
Maggi 2 Minute Noodles Beef Single Cup
58g on special
$1.80
save
$0.70
58g $3.10 per 100G
Unit Price
Add
1
for $1.80

Maggi Noodle Cup Oriental Flavour 60g on special
Maggi Noodle Cup Oriental Flavour
60g on special
$1.80
save
$0.70
60g $3.00 per 100G
Unit Price
Add
1
for $1.80

Indomie Mi Goreng Fried Noodle Cup 75g
Indomie Mi Goreng Fried Noodle Cup
75g
$2.00
75g $2.67 per 100G
Unit Price
Add
1
for $2.00

Maggi Fusian Noodle Cup Hot & Spicy 65g on special
Maggi Fusian Noodle Cup Hot & Spicy
65g on special
$1.80
save
$0.70
65g $2.77 per 100G
Unit Price
Add
1
for $1.80"	['/wcsstore/Coles-CAS/images/8/1/0/8100950-th.jpg', '/wcsstore/Coles-CAS/images/8/1/0/8100950_B-th.jpg']
Birds Eye	Frozen SteamFresh Broccoli Cauliflower & Carrots With Cheese Sauce 2 Pack	$ 6 .50	400g	$16.25 per 1Kg	"Nutrition Facts
Serving size: 1 serving = 200g
Qty
Quantity
per serving Qty
Quantity
per 100g / 100ml %
Percentage
daily intake*
Energy 415kJ 415kJ
Not provided
Protein 3.9g 3.9g
Not provided
Total Fat 6.5g 6.5g
Not provided
Saturated Fat 4.2g 4.2g
Not provided
Carbohydrate 5.6g 5.6g
Not provided
Sugars 2.7g 2.7g
Not provided
Dietary Fibre Total 1.6g 1.6g
Not provided
Sodium 230mg 230mg
Not provided
*Percentage Daily Intake per serving. Percentage Daily Intakes are based on an average adult diet of 8700 kJ. Your daily intakes may be higher or lower depending on your energy needs.
Disclaimer:
Product details, including nutritional information and country of origin, may change from time to time and so the product you receive in your order may not reflect the information on this page. Please check the packaging on any product you purchase and if it's not what you expected, feel free to return it for a full refund.
Details
Country of Origin:
Made in Belgium from multiple origins
Ingredients:
Broccoli (20%), cauliflower (20%), carrots (15%), *cream* (14%), water, Emmental cheese (*milk*, salt, starter culture, rennet) (8%), *fresh cheese (preservative)* (4%), skim *milk* powder (2%), seasoning (contains *egg*, tumeric), starch, garlic. *Contains milk and egg.* *May be present tree nuts, crustacea, fish, soy, sesame, wheat, barley, oats and spelt.*
Allergen:
May Contain Barley, May Contain Soybean, May Contain Crustacea, May Contain Wheat, Contains Egg, May Contain Fish, May Contain Tree Nuts, May Contain Sesame Seeds, Contains Milk
Servings Per Pack:
2.0
Dimensions:
250 x 230 x 20mm
Size:
400g
Preparation Instructions:
Refer to pack
Code: 1777228P
1 7 7 7 2 2 8 P
Customers also purchased
Birds Eye Frozen Steam Fresh Peas Beans Corn & Broccoli Mix 3 pack 450g
Birds Eye Frozen Steam Fresh Peas Beans Corn & Broccoli Mix 3 pack
450g
$3.90
450g $8.67 per 1Kg
Unit Price
Add
1
for $3.90

Birds Eye Frozen Steam Fresh Beans Carrot & Broccoli Mix 3 pack 450g
Birds Eye Frozen Steam Fresh Beans Carrot & Broccoli Mix 3 pack
450g
$3.90
450g $8.67 per 1Kg
Unit Price
Add
1
for $3.90

Birds Eye Frozen Steamfresh Potato Mash With Butter 400g
Birds Eye Frozen Steamfresh Potato Mash With Butter
400g
$6.50
400g $16.25 per 1Kg
Unit Price
Add
1
for $6.50

Birds Eye Frozen Steamfresh Fried Rice Vegetables 2Pack 400g
Birds Eye Frozen Steamfresh Fried Rice Vegetables 2Pack
400g
$6.50
400g $1.63 per 100G
Unit Price
Add
1
for $6.50"	['/wcsstore/Coles-CAS/images/1/7/7/1777228-th.jpg', '/wcsstore/Coles-CAS/images/1/7/7/1777228_B-th.jpg']
Birds Eye	Frozen Fish Fillets With Original Lightly Battered Oven Bake 6 Pack	$ 10 .50	425g	$24.71 per 1Kg	"Nutrition Facts
Serving size: 1 serving = 141g
Qty
Quantity
per serving Qty
Quantity
per 100g / 100ml %
Percentage
daily intake*
Energy 956kJ 678kJ
Not provided
Protein 17.1g 12.1g
Not provided
Total Fat 10.9g 7.7g
Not provided
Saturated Fat 1.1g 0.8g
Not provided
Trans 0.1g 0.1g
Not provided
Polyunsaturated 3.1g 2.2g
Not provided
Mono Unsaturated 6.5g 4.6g
Not provided
Carbohydrate 15.1g 10.7g
Not provided
Sugars 3.2g 2.3g
Not provided
Dietary Fibre Total 1g 0.7g
Not provided
Sodium 451mg 320mg
Not provided
*Percentage Daily Intake per serving. Percentage Daily Intakes are based on an average adult diet of 8700 kJ. Your daily intakes may be higher or lower depending on your energy needs.
Disclaimer:
Product details, including nutritional information and country of origin, may change from time to time and so the product you receive in your order may not reflect the information on this page. Please check the packaging on any product you purchase and if it's not what you expected, feel free to return it for a full refund.
Details
Ingredients:
Alaskan *pollock* or New Zealand *hoki* fillets (55%). Batter (45%) (water, *wheat* flour, canola oil, *soy* flour, acidity regulators (450, sodium bicarbonate, 341), salt, *wheat* gluten, *wheat* starch, maltodextrin, spice extracts (pepper, clove), natural flavour). *Contains fish, soy and wheat.*
Allergen:
Contains Soybean, May Contain Egg, Contains Fish, May Contain Milk, Contains Wheat
Servings Per Pack:
3.0
Dimensions:
185 x 149 x 55mm
Size:
425g
Preparation Instructions:
Refer to pack
Code: 84430P
8 4 4 3 0 P
Customers also purchased
Birds Eye Frozen Fish Fillets With Original Crumb Oven Bake 6 pack 425g
Birds Eye Frozen Fish Fillets With Original Crumb Oven Bake 6 pack
425g
$10.50
425g $24.71 per 1Kg
Unit Price
Add
1
for $10.50

Birds Eye Frozen Fish Fillets With Lemon Crumb Oven Bake 6 pack 425g
Birds Eye Frozen Fish Fillets With Lemon Crumb Oven Bake 6 pack
425g
$10.50
425g $24.71 per 1Kg
Unit Price
Add
1
for $10.50

Birds Eye Frozen Fish Fillets With Herb & Garlic Crumb Oven Bake 6 pack 425g
Birds Eye Frozen Fish Fillets With Herb & Garlic Crumb Oven Bake 6 pack
425g
$10.50
425g $24.71 per 1Kg
Unit Price
Add
1
for $10.50

I&J Frozen Tasty Lightly Crumbed Calamari Rings 400g everyday product
I&J Frozen Tasty Lightly Crumbed Calamari Rings
400g everyday product
$9.00
400g $22.50 per 1Kg
Unit Price
Add
1
for $9.00"	['/wcsstore/Coles-CAS/images/8/4/4/84430-th.jpg', '/wcsstore/Coles-CAS/images/8/4/4/84430_L-th.jpg', '/wcsstore/Coles-CAS/images/8/4/4/84430_R-th.jpg', '/wcsstore/Coles-CAS/images/8/4/4/84430_B-th.jpg']
Birds Eye	Deli Sweet Potato Chips	$ 6 .20	600g	$10.33 per 1Kg	"Nutrition Facts
Serving size: 1 serving = 100g
Qty
Quantity
per serving Qty
Quantity
per 100g / 100ml %
Percentage
daily intake*
Energy 693kJ 693kJ
Not provided
Protein 2.1g 2.1g
Not provided
Total Fat 5.8g 5.8g
Not provided
Saturated Fat 0.5g 0.5g
Not provided
Carbohydrate 24.2g 24.2g
Not provided
Sugars 13.7g 13.7g
Not provided
Dietary Fibre Total 4g 4g
Not provided
Sodium 251mg 251mg
Not provided
Gluten 0mg 0mg
Not provided
Vitamin C 8mg 8mg 20%
*Percentage Daily Intake per serving. Percentage Daily Intakes are based on an average adult diet of 8700 kJ. Your daily intakes may be higher or lower depending on your energy needs.
Disclaimer:
Product details, including nutritional information and country of origin, may change from time to time and so the product you receive in your order may not reflect the information on this page. Please check the packaging on any product you purchase and if it's not what you expected, feel free to return it for a full refund.
Details
Country of Origin:
Made in France
Ingredients:
Sweet potato (86%), sunflower oil, thickeners (1412, 1422), rice flour, salt, tapioca dextrin, vegetable powders (garlic, onion), spices (black pepper, paprika), paprika extract, capsicum extract, raising agents (sodium carbonate, 450), stabiliser (xanthan gum).
Servings Per Pack:
6.0
Dimensions:
290 x 250 x 25mm
Size:
600g
Preparation Instructions:
Refer to pack
Code: 5053208P
5 0 5 3 2 0 8 P
Customers also purchased
McCain Quick Cook Straight Cut 750g
McCain Quick Cook Straight Cut
750g
$5.30
750g $7.07 per 1Kg
Unit Price
Add
1
for $5.30"	['/wcsstore/Coles-CAS/images/5/0/5/5053208-th.jpg', '/wcsstore/Coles-CAS/images/5/0/5/5053208_B-th.jpg']
Birds Eye	Frozen Steamfresh Potato Mash With Butter	$ 6 .50	400g	$16.25 per 1Kg	"Nutrition Facts
Serving size: 1 serving = 200g
Qty
Quantity
per serving Qty
Quantity
per 100g / 100ml %
Percentage
daily intake*
Energy 1110kJ 557kJ
Not provided
Protein 4g 2g
Not provided
Total Fat 14g 7g
Not provided
Saturated Fat 9.6g 4.8g
Not provided
Carbohydrate 30.2g 15.1g
Not provided
Sugars 2g 1g
Not provided
Dietary Fibre Total 1.8g 0.9g
Not provided
Sodium 480mg 240mg
Not provided
*Percentage Daily Intake per serving. Percentage Daily Intakes are based on an average adult diet of 8700 kJ. Your daily intakes may be higher or lower depending on your energy needs.
Disclaimer:
Product details, including nutritional information and country of origin, may change from time to time and so the product you receive in your order may not reflect the information on this page. Please check the packaging on any product you purchase and if it's not what you expected, feel free to return it for a full refund.
Details
Country of Origin:
Made in Belgium
Ingredients:
Mashed potato (potato (85%), *milk*,*butter*, salt, pepper), *salted butter* (5%). *Contains milk.* *May be present tree nuts, egg, crustacea, fish, soy, sesame, wheat, barley, oats and spelt.*
Allergen:
May Contain Barley, May Contain Soybean, May Contain Egg, May Contain Crustacea, May Contain Wheat, May Contain Fish, May Contain Tree Nuts, May Contain Sesame Seeds, Contains Milk
Servings Per Pack:
2.0
Dimensions:
250 x 230 x 25mm
Size:
400g
Code: 2912974P
2 9 1 2 9 7 4 P
Customers also purchased
Birds Eye Frozen SteamFresh Broccoli Cauliflower & Carrots With Cheese Sauce 2 Pack 400g
Birds Eye Frozen SteamFresh Broccoli Cauliflower & Carrots With Cheese Sauce 2 Pack
400g
$6.50
400g $16.25 per 1Kg
Unit Price
Add
1
for $6.50

Birds Eye Frozen Steam Fresh Bean Broccoli & Sugar Snap Peas 3 pack 450g
Birds Eye Frozen Steam Fresh Bean Broccoli & Sugar Snap Peas 3 pack
450g
$3.90
450g $8.67 per 1Kg
Unit Price
Add
1
for $3.90

Birds Eye Frozen Steam Fresh Carrot Cauliflower & Broccoli 5 pack 750g
Birds Eye Frozen Steam Fresh Carrot Cauliflower & Broccoli 5 pack
750g
$5.50
750g $7.33 per 1Kg
Unit Price
Add
1
for $5.50

Birds Eye Frozen Steamfresh Fried Rice Vegetables 2Pack 400g
Birds Eye Frozen Steamfresh Fried Rice Vegetables 2Pack
400g
$6.50
400g $1.63 per 100G
Unit Price
Add
1
for $6.50"	['/wcsstore/Coles-CAS/images/2/9/1/2912974-th.jpg', '/wcsstore/Coles-CAS/images/2/9/1/2912974_B-th.jpg']
Birds Eye	Frozen Steam Fresh Baby Potatoes With Broccoli Carrots Peas & Herbs 2 pack	$ 6 .50	400g	$16.25 per 1Kg	"Nutrition Facts
Serving size: 1 serving = 200g
Qty
Quantity
per serving Qty
Quantity
per 100g / 100ml %
Percentage
daily intake*
Energy 570kJ 285kJ
Not provided
Protein 5g 2.5g
Not provided
Total Fat 3g 1.5g
Not provided
Saturated Fat 0.4g 0.2g
Not provided
Carbohydrate 19.2g 9.6g
Not provided
Sugars 3.6g 1.8g
Not provided
Dietary Fibre Total 6g 3g
Not provided
Sodium 406mg 203mg
Not provided
*Percentage Daily Intake per serving. Percentage Daily Intakes are based on an average adult diet of 8700 kJ. Your daily intakes may be higher or lower depending on your energy needs.
Disclaimer:
Product details, including nutritional information and country of origin, may change from time to time and so the product you receive in your order may not reflect the information on this page. Please check the packaging on any product you purchase and if it's not what you expected, feel free to return it for a full refund.
Details
Country of Origin:
Packed in Belgium from multiple origins
Ingredients:
Baby potatoes (40%), broccoli (25%), carrots (19%), peas (10%), water, canola oil, parsley, seasoning (contains celery, pepper, onion, herb, flavour), salt. *May be present tree nuts, milk, egg, crustacea, fish, soy, sesame, wheat, barley, oats and spelt.*
Allergen:
May Contain Soybean, May Contain Egg, May Contain Crustacea, May Contain Milk, May Contain Wheat, May Contain Fish, May Contain Tree Nuts, May Contain Sesame Seeds
Servings Per Pack:
2.0
Storage Instructions:
Keep frozen Store at or below minus 18C, Keep frozen Store at or below minus 18C
Dimensions:
220 x 200 x 25mm
Size:
400g
Preparation Instructions:
MICROWAVE (based on 1100 Watt Power)Remove steam bag(s) from outer bag. DO NOT PIERCE OR OPEN THE BAG.
Place one steam bag, GREEN STRIP UPWARDS on microwave turntable.
Cook on HIGH for 2 minutes, shake bag and cook a further1 minutes. During cooking the bag will slowly inflate as the steam builds up. A special vent in the bag will allow the steam to escape slowly during cooking and a slight whistling sound may be heard.
Carefully remove hot bag from the microwave, shake well and let stand for 1 minute. Tear or cut the bag open to serve.CAUTION: CONTENTS WILL BE VERY HOT.POWER 1 BAG 2 BAGS1100W 2 mins, shake, 1 mins 3 mins, shake, 3 mins[If cooking both bags, makes sure they are not overlapping and shake bags halfway through cooking.](Microwave ovens may vary, adjust time as needed)
Code: 2257799P
2 2 5 7 7 9 9 P
Customers also purchased
Birds Eye Frozen Farmhouse Seasoned Sides 600g
Birds Eye Frozen Farmhouse Seasoned Sides
600g
$4.95
Until 18 Apr 2023
Was $5.50 Jan 2023
600g $8.25 per 1Kg
Unit Price
Add
1
for $4.95

Birds Eye Deli Roast Vegetables 600g
Birds Eye Deli Roast Vegetables
600g
$6.50
600g $10.83 per 1Kg
Unit Price
Add
1
for $6.50"	['/wcsstore/Coles-CAS/images/2/2/5/2257799-th.jpg', '/wcsstore/Coles-CAS/images/2/2/5/2257799_B-th.jpg']
Maggi	2 Minute Wholegrain Chicken Flavour Noodles 5 Pack	$ 5 .00	345g	$1.45 per 100G	"Disclaimer:
Product details, including nutritional information and country of origin, may change from time to time and so the product you receive in your order may not reflect the information on this page. Please check the packaging on any product you purchase and if it's not what you expected, feel free to return it for a full refund.
Details
Country of Origin:
Made in Malaysia
Dimensions:
120 x 165 x 95mm
Size:
345g
Code: 1369946P
1 3 6 9 9 4 6 P
Customers also purchased
Maggi Fusian Mi Goreng Soy And Mild Spice Flavour Noodles 5 Pack 360g
Maggi Fusian Mi Goreng Soy And Mild Spice Flavour Noodles 5 Pack
360g
$5.50
360g $1.53 per 100G
Unit Price
3more varieties
of Maggi Fusian Mi Goreng Soy And Mild Spice Flavour Noodles 5 Pack 360g
Add
1
for $5.50

Maggi 2 Minute Oriental Flavour Noodles 5 Pack 370g
Maggi 2 Minute Oriental Flavour Noodles 5 Pack
370g
$5.00
370g $1.35 per 100G
Unit Price
4more varieties
of Maggi 2 Minute Oriental Flavour Noodles 5 Pack 370g
Add
1
for $5.00

Maggi 2 Minute Wholegrain Beef Flavour Noodles 5 Pack 335g
Maggi 2 Minute Wholegrain Beef Flavour Noodles 5 Pack
335g
$5.00
335g $1.49 per 100G
Unit Price
4more varieties
of Maggi 2 Minute Wholegrain Beef Flavour Noodles 5 Pack 335g
Add
1
for $5.00"	['/wcsstore/Coles-CAS/images/1/3/6/1369946-th.jpg', '/wcsstore/Coles-CAS/images/1/3/6/1369946_B-th.jpg']
Birds Eye	Frozen Fish Fillets With Lemon Crumb Oven Bake 6 pack	$ 10 .50	425g	$24.71 per 1Kg	"Nutrition Facts
Serving size: 1 serving = 141g
Qty
Quantity
per serving Qty
Quantity
per 100g / 100ml %
Percentage
daily intake*
Energy 1240kJ 878kJ
Not provided
Protein 17.1g 12.1g
Not provided
Total Fat 12.4g 8.8g
Not provided
Saturated Fat 1.3g 0.9g
Not provided
Trans 0.1g 0.1g
Not provided
Polyunsaturated 3.4g 2.4g
Not provided
Mono Unsaturated 7.8g 5.5g
Not provided
Carbohydrate 27.9g 19.8g
Not provided
Sugars 5.4g 3.8g
Not provided
Dietary Fibre Total 1.8g 1.3g
Not provided
Sodium 423mg 300mg
Not provided
*Percentage Daily Intake per serving. Percentage Daily Intakes are based on an average adult diet of 8700 kJ. Your daily intakes may be higher or lower depending on your energy needs.
Disclaimer:
Product details, including nutritional information and country of origin, may change from time to time and so the product you receive in your order may not reflect the information on this page. Please check the packaging on any product you purchase and if it's not what you expected, feel free to return it for a full refund.
Details
Ingredients:
New Zealand hoki fillets (*fish*) (51%). Crumb coating (49%) {*wheat* flour, water, canola oil, *wheat* starch, tapioca starch, potato starch, *wheat* gluten, salt, glucose, rice flour, yeast, food acid (citric), sugar, chia flour, black pepper, *wheat* fibre, natural flavour (lemon oil (0.1%))} *Contains wheat, gluten, fish.*
Allergen:
Contains Fish, Contains Gluten, Contains Wheat
Servings Per Pack:
3.0
Dimensions:
185 x 149 x 55mm
Size:
425g
Preparation Instructions:
Refer to pack
Code: 80804P
8 0 8 0 4 P
Customers also purchased
Birds Eye Frozen Fish Fillets With Original Lightly Battered Oven Bake 6 Pack 425g
Birds Eye Frozen Fish Fillets With Original Lightly Battered Oven Bake 6 Pack
425g
$10.50
425g $24.71 per 1Kg
Unit Price
Add
1
for $10.50

Birds Eye Frozen Fish Fillets With Herb & Garlic Crumb Oven Bake 6 pack 425g
Birds Eye Frozen Fish Fillets With Herb & Garlic Crumb Oven Bake 6 pack
425g
$10.50
425g $24.71 per 1Kg
Unit Price
Add
1
for $10.50

Birds Eye Frozen Atlantic Salmon Fillets With Lemon 260g on special
Birds Eye Frozen Atlantic Salmon Fillets With Lemon
260g on special
$11.00
save
$3.00
260g $42.31 per 1Kg
Unit Price
Add
1
for $11.00

Birds Eye Frozen Steam Fresh Fish Fillets With Parsley & Citrus Sauce 2 Pack 380g
Birds Eye Frozen Steam Fresh Fish Fillets With Parsley & Citrus Sauce 2 Pack
380g
$10.00
380g $26.32 per 1Kg
Unit Price
Add
1
for $10.00"	['/wcsstore/Coles-CAS/images/8/0/8/80804-th.jpg', '/wcsstore/Coles-CAS/images/8/0/8/80804_B-th.jpg']
Maggi	2 Minute Oriental Flavour Noodles 5 Pack	$ 5 .00	370g	$1.35 per 100G	"Disclaimer:
Product details, including nutritional information and country of origin, may change from time to time and so the product you receive in your order may not reflect the information on this page. Please check the packaging on any product you purchase and if it's not what you expected, feel free to return it for a full refund.
Details
Country of Origin:
Made in Malaysia
Ingredients:
Ingredients Noodle Cake: Wheat Flour, Vegetable Oil [Antioxidant (319)], Salt, Mineral Salts (508, 451, 501, 500), Vegetable Gum (412). Flavour Sachet: Flavour Enhancers (621, 635, 631), Soy Sauce Powder ( Wheat, Soy ), Mineral Salt (Potassium Chloride), Flavours [Flavour Enhancers (621, 627, 631), Wheat, Soy ], Onion, Sugar, Ginger, Salt, Garlic, Colour (Caramel I), Vegetable Fat [Antioxidant (320)], Food Acid (Citric). Contains Gluten, Wheat, Soy. May Contain Celery, Crustacean, Fish, Milk, Mustard.
Allergen:
Contains Soybean, May Contain Crustacea, May Contain Milk, May Contain Fish, Contains Wheat, Contains Cereals
Servings Per Pack:
5.0
Storage Instructions:
Store in A Cool Dry Place.
Dimensions:
120 x 1165 x 95mm
Size:
370g
Preparation Instructions:
Stove Top Break Noodle Cake Into Quarters. Cook in 1 1/2 Cups (375ml) of Boiling Water On Stove Top for 2 Minutes. Stir in Contents of Flavour Sachet. Microwave Break Noodle Cake Into Quarters. Cook in 1 1/2 Cups (375ml) of Boiling Water for 2 Minutes On High (850w). Stir in Contents of Flavour Sachet. Caution: Take Care When Removing As Bowl and Contents Will Be Very Hot. Serve With Or Without Broth As Desired. Fresh Meal Ideas Bbq Chicken Lettuce Cups Serves: 4 Prep Time:
10 Minutes Cook Time: 15 Minutes 1 Tsp Sesame Oil 1 Carrot (120g), Peeled and Chopped Coarsely 2 Celery Sticks (120g), Chopped 2 Cups (320g) Bbq Chicken, Shredded 2 Pkts Maggi 2 Minute Noodles Oriental Flavour 2 Tsp Soy Sauce 2 Tsp Maggi Oyster Sauce 1 Tbsp Sweet Chilli Sauce 4 Shallots, Sliced Thinly 2 Tbsp Chopped Coriander, Optional 1 Lettuce, Outer Leaves Cut Into Cups
Heat Oil in Large Frying Pan. Add Carrot and Celery, Cook for 2 Minutes Or Until Softened; Add Barbequed Chicken.
Meanwhile Cook Noodle Cakes According To Packet Directions; Drain Well, Add To Pan.
in A Small Bowl Combine Contents of Flavour Sachets, Soy Sauce, Maggi Oyster Sauce and Sweet Chilli Sauce; Stir Until Smooth. Pour Sauce Over Chicken Noodle Mixture and Cook for 5 Minutes.
Stir Through Shallots and Coriander. Serve Into Prepared Lettuce Cups.
Code: 7560965P
7 5 6 0 9 6 5 P
Customers also purchased
Maggi Fusian Mi Goreng Soy And Mild Spice Flavour Noodles 5 Pack 360g
Maggi Fusian Mi Goreng Soy And Mild Spice Flavour Noodles 5 Pack
360g
$5.50
360g $1.53 per 100G
Unit Price
3more varieties
of Maggi Fusian Mi Goreng Soy And Mild Spice Flavour Noodles 5 Pack 360g
Add
1
for $5.50

Maggi 2 Minute Chicken Flavour Noodles 5 Pack 360g
Maggi 2 Minute Chicken Flavour Noodles 5 Pack
360g
$5.00
360g $1.39 per 100Ea
Unit Price
4more sizes and varieties
of Maggi 2 Minute Chicken Flavour Noodles 5 Pack 360g
Add
1
for $5.00

Maggi 2 Minute Beef Flavour Noodles 5 Pack 370g
Maggi 2 Minute Beef Flavour Noodles 5 Pack
370g
$5.00
370g $1.35 per 100G
Unit Price
5more sizes and varieties
of Maggi 2 Minute Beef Flavour Noodles 5 Pack 370g
Add
1
for $5.00"	['/wcsstore/Coles-CAS/images/7/5/6/7560965-th.jpg', '/wcsstore/Coles-CAS/images/7/5/6/7560965_B-th.jpg']
Birds Eye	Sweet Potato Veggie Bites	$ 4 .00	300g	$13.33 per 1Kg	"Nutrition Facts
Serving size: 1 serving = 100g
Qty
Quantity
per serving Qty
Quantity
per 100g / 100ml %
Percentage
daily intake*
Energy 845kJ 845kJ
Not provided
Protein 2.2g 2.2g
Not provided
Total Fat 10.9g 10.9g
Not provided
Saturated Fat 0.8g 0.8g
Not provided
Carbohydrate 22.6g 22.6g
Not provided
Sugars 6g 6g
Not provided
Dietary Fibre Total 2.5g 2.5g
Not provided
Sodium 260mg 260mg
Not provided
*Percentage Daily Intake per serving. Percentage Daily Intakes are based on an average adult diet of 8700 kJ. Your daily intakes may be higher or lower depending on your energy needs.
Disclaimer:
Product details, including nutritional information and country of origin, may change from time to time and so the product you receive in your order may not reflect the information on this page. Please check the packaging on any product you purchase and if it's not what you expected, feel free to return it for a full refund.
Details
Ingredients:
Vegetables 75% (sweet potato (33%), potato (sliced, reconstituted from potato flake) (15%), carrot (14%), broccoli (9%), onion (4%)), canola oil, potato flakes, thickener (1422) or corn starch, salt, garlic powder, onion powder, nutmeg, dextrose (from maize), maltodextrin (from maize), food acid (citric). *May be present wheat, gluten.*
Allergen:
May Contain Wheat, May Contain Gluten
Servings Per Pack:
3.0
Dimensions:
180 x 229 x 20mm
Size:
300g
Code: 5086580P
5 0 8 6 5 8 0 P
Customers also purchased
McCain Quick Cook Straight Cut 750g
McCain Quick Cook Straight Cut
750g
$5.30
750g $7.07 per 1Kg
Unit Price
Add
1
for $5.30"	['/wcsstore/Coles-CAS/images/5/0/8/5086580-th.jpg', '/wcsstore/Coles-CAS/images/5/0/8/5086580_B-th.jpg']
Maggi	2 Minute Noodles Beef Single Cup	$ 1 .80	58g	$3.10 per 100G	"Nutrition Facts
Serving size: 1 serving = 358g
Qty
Quantity
per serving Qty
Quantity
per 100g / 100ml %
Percentage
daily intake*
Energy 1020kJ 285kJ 12%
Protein 5g 1.4g 10%
Total Fat 9.7g 2.7g 14%
Saturated Fat 4.7g 1.3g 20%
Carbohydrate 33.2g 9.3g 11%
Sugars 1.8g 1g 2%
Dietary Fibre Total 1.7g 1g 6%
Sodium 1245mg 350mg 54%
*Percentage Daily Intake per serving. Percentage Daily Intakes are based on an average adult diet of 8700 kJ. Your daily intakes may be higher or lower depending on your energy needs.
Disclaimer:
Product details, including nutritional information and country of origin, may change from time to time and so the product you receive in your order may not reflect the information on this page. Please check the packaging on any product you purchase and if it's not what you expected, feel free to return it for a full refund.
Details
Country of Origin:
Made in Malaysia
Ingredients:
Our Chosen Ingredients Noodle Cake: Wheat Flour, Vegetable Oil [Antioxidant (319)], Tapioca Starch, Salt, Mineral Salts (508, 451, 501, 500), Vegetable Gum (412). Flavour Sachet: Mineral Salt (508), Iodised Salt, Flavour Enhancers (621, 635), Sugar, Yeast Extract, Flavour, Colour (Caramel Iii), Vegetable Fat [Antioxidant (320)], Onion Powder, Soy Sauce Powder ( Wheat and Soy ), Food Acid (Citric), White Pepper, Rosemary. Garnish: Carrot. Contains: Wheat and Soy May Contain: Celery, Crustacean, Fish, Milk and Mustard.
Allergen:
Contains Soybean, May Contain Crustacea, May Contain Milk, May Contain Fish, Contains Wheat
Servings Per Pack:
1.0
Storage Instructions:
Store in A Cool Dry Place.
Dimensions:
107 x 93 x 93mm
Size:
58g
Preparation Instructions:
Open, Stir Well Enjoy.
Fill Boiling Water Up To the Line Inside.
Add Flavours.
Close the Lid Wait - 3 Mins Caution: Cup and Noodles Will Be Hot After 3mins. Handle With Care. Do Not Lift By Lid. Place Cup On A Stable Surface To Enjoy Your Noodles.
Code: 8109273P
8 1 0 9 2 7 3 P"	['/wcsstore/Coles-CAS/images/8/1/0/8109273-th.jpg', '/wcsstore/Coles-CAS/images/8/1/0/8109273_B-th.jpg']
Continental	Chicken Noodle Soup Serves 4	$ 1 .20	45g	$2.67 per 100G	"Nutrition Facts
Serving size: 1 serving = 250mL as prepared +
Qty
Quantity
per serving Qty
Quantity
per 100g / 100ml %
Percentage
daily intake*
Energy 148kJ 57kJ 2%
Energy Cal 35Cal 14Cal
Not provided
Protein 1.3g 0.5g 3%
Total Fat 0.4g 0.2g 0.6%
Saturated Fat
Less than
< 0.1g
Less than
< 0.1g 0.3%
Carbohydrate 6.4g 2.4g 2%
Sugars 0.9g 0.3g 1.0%
Sodium 685mg 265mg 30%
*Percentage Daily Intake per serving. Percentage Daily Intakes are based on an average adult diet of 8700 kJ. Your daily intakes may be higher or lower depending on your energy needs.
Disclaimer:
Product details, including nutritional information and country of origin, may change from time to time and so the product you receive in your order may not reflect the information on this page. Please check the packaging on any product you purchase and if it's not what you expected, feel free to return it for a full refund.
Details
Ingredients:
Noodles (63%) (wheat flour^, wheat gluten), salt, sugar, mineral salt (potassium chloride), yeast extract, flavour enhancers (621, 635), maltodextrin, vegetable oil, natural chicken flavours, chicken powder (0.5%), onion powder, natural colour (turmeric), parsley, burnt sugar, spices (celery seed, pepper), food acid (lactic), sage extract. ^From sustainably grown Australian wheat.
Contains:
Wheat 45G
Allergen:
May Be Present Milk, May Be Present Sesame, May Be Present Crustacea, May Be Present Tree Nuts, May Be Present Peanuts, Contains Wheat, May Be Present Lupin, May Be Present Fish, May Be Present Egg
Servings Per Pack:
4.0
Storage Instructions:
Store in a cool, dry place
Usage Instructions:
Use as a soup base or flavour booster for your favourite dish!
Size:
45g
Warning:
Great Taste is in our Nature. At Continental we partner with our Australian Farmers to grow all of the wheat used in the flour for our noodles sustainably growing our sustainable wheat in a way which minimises water and fertiliser use, protecting the biodiversity of the land and reducing energy consumption and waste. It's not only good For the planet but tastes great!
Preparation Instructions:
Cooking Instructions
Empty soup mix into a saucepan with 4 cups (1 litre) of cold water and mix well.
Stir until boiling then simmer for 5 minutes, stirring occasionally.
Code: 129335P
1 2 9 3 3 5 P
Customers also purchased
Trident Thai Tom Yum Goong Soup 50g
Trident Thai Tom Yum Goong Soup
50g
$1.10
50g $2.20 per 100G
Unit Price
Add
1
for $1.10

Continental Cream Of Chicken Soup Serves 4 45g
Continental Cream Of Chicken Soup Serves 4
45g
$1.70
45g $3.78 per 100G
Unit Price
Add
1
for $1.70

Continental French Onion Soup Serves 4 40g
Continental French Onion Soup Serves 4
40g
$1.20
40g $3.00 per 100G
Unit Price
Add
1
for $1.20"	['/wcsstore/Coles-CAS/images/1/2/9/129335-th.jpg', '/wcsstore/Coles-CAS/images/1/2/9/129335_R-th.jpg', '/wcsstore/Coles-CAS/images/1/2/9/129335_B-th.jpg']
Maggi	2 Minute Beef Flavour Noodles 12 Pack	$ 10 .00	888g	$1.13 per 100G	"Nutrition Facts
Serving size: 1 serving = 380 g
Qty
Quantity
per serving Qty
Quantity
per 100g / 100ml %
Percentage
daily intake*
Energy 1365 kJ As Prepared 360 kJ 16%
Protein 7.6 g As Prepared 2 g 15%
Total Fat
Not provided
3.1 g 17%
Saturated Fat 5.6 g As Prepared 1.5 g 23%
Carbohydrate 46 g As Prepared 12.1 g 15%
Sugars 1 g As Prepared 1 g 1%
Dietary Fibre Total 1.8 g As Prepared 1 g 6%
Sodium 920 mg As Prepared 240 mg 40%
*Percentage Daily Intake per serving. Percentage Daily Intakes are based on an average adult diet of 8700 kJ. Your daily intakes may be higher or lower depending on your energy needs.
Disclaimer:
Product details, including nutritional information and country of origin, may change from time to time and so the product you receive in your order may not reflect the information on this page. Please check the packaging on any product you purchase and if it's not what you expected, feel free to return it for a full refund.
Details
Country of Origin:
Made in Malaysia
Ingredients:
Our Chosen Ingredients: Noodle Cake: Wheat Flour, Vegetable Oil [Antioxidant (319)], Salt, Mineral Salts (508, 451, 501, 500), Vegetable Gum (412). Flavour Sachet: Mineral Salt (508), Iodised Salt, Flavour Enhancers (621, 635), Sugar, Yeast Extract, Flavour, Colour (Caramel Iii), Vegetable Fat [Antioxidant (320)], Onion, Soy Sauce Powder ( Soy and Wheat ), Food Acid (Citric), White Pepper, Rosemary.
Allergen:
Contains Wheat
Servings Per Pack:
12.0
Storage Instructions:
Store in A Cool Dry Place
Size:
888 g
Preparation Instructions:
Stove Top Break Noodle Cake in Quarters. Cook in 1 1/2 Cups (375ml) Boiling Water On Stove Top for 2 Minutes. Stir in Contents of Flavour Sachet. Microwave Break Noodle Cake in Quarters. Cook in 1 1/2 Cups (375ml) Boiling Water in An 850 Watt Microwave Oven On High for 2 Minutes. Stir in Contents of Flavour Sachet. Caution Take Care When Removing As Contents Will Be Very Hot. Serve With Or Without Broth As Desired Fresh Meal Ideas Fried Beef Noodles Serves: 4 Prep Time: 5 Minutes Cooking Time:
15 Minutes 2 Pkts Maggi 2 Minute Beef Noodles 2 Tsp Vegetable Oil 2 Eggs, Lightly Beaten 200g Lean Beef Rump Steak, Sliced Thinly 1(150g) Onion, Chopped Finely 2 Tsp Garlic Puree 1 (120g) Carrot, Peeled and Cut Into Matchsticks 2 Cups (240g) Frozen Peas, Thawed 2 Tsp Maggi Original Seasoning 1 (25g) Shallot, Finely Sliced
Set Aside Maggi 2 Minute Beef Noodles Flavour Sachets and Cook Maggi 2 Minute Beef Noodles According To Packet Directions; Drain Well and Keep Warm.
Meanwhile, Heat Oil in Wok Or Large Frying Pan Over Medium Heat; Add Eggs; Swirl Over the Base of Pan To Form An Omelette; Cook 2 Minutes, Turn Over, Cook A Further 2 Minutes Or Until Set. Transfer To A Chopping Board, Cool Slightly. Roll Up Tightly and Slice Thinly; Set Aside.
Add Beef To Wok Or Frying Pan; Cook 2 Minutes. Add Onion and Garlic and Cook for A Further 2 Minutes Or Until Onion Has Softened. Add Carrot, Peas, Maggi Original Seasoning, Cooked Maggi 2 Minute Beef Noodles and Contents of Maggi 2 Minute Beef Noodles Flavour Sachets; Stir 2-3 Minutes Or Until Heated Through. Stir Through Egg and Shallots and Serve. Tip: Try Replacing Frozen Peas With Frozen Mix Vegetables for An Extra Colourful Dish.
Code: 1616637P
1 6 1 6 6 3 7 P
Customers also purchased
Maggi Fusian Mi Goreng Hot And Spicy Flavour Noodles 5 Pack 365g
Maggi Fusian Mi Goreng Hot And Spicy Flavour Noodles 5 Pack
365g
$5.50
365g $1.51 per 100G
Unit Price
3more varieties
of Maggi Fusian Mi Goreng Hot And Spicy Flavour Noodles 5 Pack 365g
Add
1
for $5.50

Maggi Fusian Mi Goreng Soy And Mild Spice Flavour Noodles 5 Pack 360g
Maggi Fusian Mi Goreng Soy And Mild Spice Flavour Noodles 5 Pack
360g
$5.50
360g $1.53 per 100G
Unit Price
3more varieties
of Maggi Fusian Mi Goreng Soy And Mild Spice Flavour Noodles 5 Pack 360g
Add
1
for $5.50

Maggi 2 Minute Chicken Flavour Noodles 12 Pack 864g
Maggi 2 Minute Chicken Flavour Noodles 12 Pack
864g
$10.00
Until 02 May 2023
864g $1.16 per 100G
Unit Price
Add
1
for $10.00

Maggi 2 Minute Noodles Chicken Wholegrain 12 Pack 828g
Maggi 2 Minute Noodles Chicken Wholegrain 12 Pack
828g
$10.00
Until 02 May 2023
828g $1.21 per 100G
Unit Price
Add
1
for $10.00"	['/wcsstore/Coles-CAS/images/1/6/1/1616637-th.jpg', '/wcsstore/Coles-CAS/images/1/6/1/1616637_B-th.jpg']
Coles	Hot Cross Buns Chocolate	$ 4 .00	6 pack	$0.67 per 1Ea	"Nutrition Facts
Serving size: 1 serving = Approx. 76g (1 Bun)
Qty
Quantity
per serving Qty
Quantity
per 100g / 100ml %
Percentage
daily intake*
Energy 1072.82 1411.6 12
Energy Cal 256.65 337.7 0
Protein 5.32 7 11
Total Fat 8.74 11.5 12
Saturated Fat 4.56 6 19
Trans 0.68 0.9 0
Carbohydrate 37.62 49.5 12
Sugars 16.19 21.3 18
Dietary Fibre Total 2.43 3.2 8
Sodium 146.68 193 6
*Percentage Daily Intake per serving. Percentage Daily Intakes are based on an average adult diet of 8700 kJ. Your daily intakes may be higher or lower depending on your energy needs.
Disclaimer:
Product details, including nutritional information and country of origin, may change from time to time and so the product you receive in your order may not reflect the information on this page. Please check the packaging on any product you purchase and if it's not what you expected, feel free to return it for a full refund.
Details
Ingredients:
INGREDIENTS: Wheat Flour, Milk Chocolate Chips (25%) [Sugar, Cocoa Solids^ (35%), Milk Solids (10%), Emulsifiers (322 from Soy, 476), Natural Vanilla Flavour], Water, Sugar, Cocoa Powder^ (3%), Crossing Paste [Water, Wheat Starch, Wheat Flour, Vegetable Oils (Palm**, Canola), Vegetable Emulsifier (471 from Palm**), Thickener (415) (Soy), Salt], Yeast, Glaze [Water, Sugar, Thickeners (1400, 415), Acidity Regulator (330)], Vegetable Oils (Palm**, Canola), Wheat Gluten, Iodised Salt, Vitamins (Thiamin, Folic Acid).^Rainforest Alliance Certified. Find out more at ra.org
Allergen:
May Contain SULPHITES, May Contain CEREALS CONTAINING GLUTEN, May Contain EGG, Contains SOY, May Contain SESAME, Contains MILK, May Contain Lupin, May Contain PEANUTS, Contains Wheat, May Contain TREE NUTS
Servings Per Pack:
6.0
Storage Instructions:
Store in a cool, dry place
Code: 4882003P
4 8 8 2 0 0 3 P
Customers also purchased
Coles Hot Cross Buns Apple And Cinnamon 6 pack while stocks last product
Coles Hot Cross Buns Apple And Cinnamon
6 pack while stocks last product
$4.00
6 pack $0.67 per 1Ea
Unit Price
Add
1
for $4.00

Coles Vegemite And Cheese Hot Cross Buns 4 pack while stocks last product
Coles Vegemite And Cheese Hot Cross Buns
4 pack while stocks last product
$5.00
4 pack $1.25 per 1Ea
Unit Price
Add
1
for $5.00

Coles Gluten Free Hot Cross Bun 3 pack while stocks last product
Coles Gluten Free Hot Cross Bun
3 pack while stocks last product
$4.00
3 pack $1.33 per 1Ea
Unit Price
Add
1
for $4.00

Coles Gluten Free Chocolate Hot Cross Buns 3 pack while stocks last product
Coles Gluten Free Chocolate Hot Cross Buns
3 pack while stocks last product
$4.00
3 pack $1.33 per 1Ea
Unit Price
Add
1
for $4.00"	['/wcsstore/Coles-CAS/images/4/8/8/4882003-th.jpg', '/wcsstore/Coles-CAS/images/4/8/8/4882003_B-th.jpg']
Coles	Hot Cross Buns Fruit Free	$ 4 .00	6 pack	$0.67 per 1Ea	"Nutrition Facts
Serving size: 1 serving = Approx. 76g (1 bun)
Qty
Quantity
per serving Qty
Quantity
per 100g / 100ml %
Percentage
daily intake*
Energy 858.5 1129.6 10
Protein 6.08 8 12
Total Fat 3.5 4.6 5
Saturated Fat 0.91 1.2 4
Carbohydrate 36.02 47.4 12
Sugars 4.79 6.3 5
Dietary Fibre Total 1.67 2.2 6
Sodium 254.6 335 11
*Percentage Daily Intake per serving. Percentage Daily Intakes are based on an average adult diet of 8700 kJ. Your daily intakes may be higher or lower depending on your energy needs.
Disclaimer:
Product details, including nutritional information and country of origin, may change from time to time and so the product you receive in your order may not reflect the information on this page. Please check the packaging on any product you purchase and if it's not what you expected, feel free to return it for a full refund.
Details
Ingredients:
INGREDIENTS: Wheat Flour, Water, Sugar, Yeast, Vegetable Oils (Palm**, Canola), Crossing Paste [Water, Wheat Starch, Wheat Flour, Vegetable Oils (Palm**, Canola), Vegetable Emulsifier (471 Palm**), Thickener (415) (Soy), Salt], Glaze [Water, Sugar, Thickeners (1400, 415), Acidity Regulator (330)], Wheat Gluten, Spices, Iodised Salt, Vitamins (Thiamin, Folic Acid)., Wheat Flour, Water, Sugar, Yeast, Vegetable Oils (Palm**, Canola), Crossing Paste [Water, Wheat Starch, Wheat Flour, Vegetable Oils (Palm**, Canola), Vegetable Emulsifier (471 Palm**), Thickener (415), Salt], Glaze [Water, Sugar, Thickeners (1400, 415), Acidity Regulator (330)], Wheat Gluten, Spices, Iodised Salt, Vitamins (Thiamin, Folic Acid)
Allergen:
May Contain Pine, May Contain Walnut, May Contain EGG, May Contain MILK, Contains SOY, May Contain Macadamia Nuts, May Contain Cashew, May Contain SESAME, May Contain Hazelnuts, May Contain Brazil Nuts, May Contain Lupin, May Contain Almonds, Contains CEREALS CONTAINING GLUTEN, May Contain PEANUTS, Contains Gluten, May Contain Pistachios, Contains Wheat, Contains Sulphites, May Contain Pecan
Servings Per Pack:
6
Storage Instructions:
Store in a cool, dry place
Code: 8368464P
8 3 6 8 4 6 4 P
Customers also purchased
Coles Hot Cross Buns Traditional Fruit 6 pack while stocks last product
Coles Hot Cross Buns Traditional Fruit
6 pack while stocks last product
$4.00
6 pack $0.67 per 1Ea
Unit Price
Add
1
for $4.00"	['/wcsstore/Coles-CAS/images/8/3/6/8368464-th.jpg', '/wcsstore/Coles-CAS/images/8/3/6/8368464_L-th.jpg', '/wcsstore/Coles-CAS/images/8/3/6/8368464_R-th.jpg', '/wcsstore/Coles-CAS/images/8/3/6/8368464_B-th.jpg']
Coles	Hot Cross Buns Traditional Mini Fruit	$ 4 .00	9 pack	$0.44 per 1Ea	"Nutrition Facts
Serving size: 1 serving = Approximately 45
Qty
Quantity
per serving Qty
Quantity
per 100g / 100ml %
Percentage
daily intake*
Energy Cal 137 291
Not provided
Saturated Fat LESS THAN 1g 1.2 2
Trans 0.04 0.09
Not provided
Carbohydrate 26.4 56.1 9
*Percentage Daily Intake per serving. Percentage Daily Intakes are based on an average adult diet of 8700 kJ. Your daily intakes may be higher or lower depending on your energy needs.
Disclaimer:
Product details, including nutritional information and country of origin, may change from time to time and so the product you receive in your order may not reflect the information on this page. Please check the packaging on any product you purchase and if it's not what you expected, feel free to return it for a full refund.
Details
Ingredients:
INGREDIENTS: Wheat Flour, Fruit Mix (27%) (Currants, Sultanas, Raisins, Sunflower Oil), Water, Sugar, Yeast, Crossing Paste (Water, Wheat Starch, Wheat Flour, Vegetable Oils (Palm, Canola), Vegetable Emulsifier (471 from Palm**), Thickener (415) (Soy), Salt), Vegetable Oils (Palm**, Canola), Glaze (Water, Sugar, Thickeners (1400, 415), Acidity Regulator (330)), Wheat Gluten, Spices, Iodised Salt, Vitamins (Thiamin, Folic Acid).
Allergen:
May Contain Pine, May Contain Walnut, May Contain SULPHITES, May Contain EGG, May Contain MILK, May Contain SOY, May Contain Macadamia Nuts, May Contain Cashew, May Contain SESAME, May Contain Hazelnuts, May Contain Brazil Nuts, May Contain Lupin, May Contain Almonds, Contains CEREALS CONTAINING GLUTEN, May Contain PEANUTS, Contains Gluten, May Contain Pistachios, Contains Wheat, Contains Sulphites, May Contain Pecan
Storage Instructions:
Store in a cool, dry place
Code: 4882025P
4 8 8 2 0 2 5 P
Customers also purchased
Coles Vegemite And Cheese Hot Cross Buns 4 pack while stocks last product
Coles Vegemite And Cheese Hot Cross Buns
4 pack while stocks last product
$5.00
4 pack $1.25 per 1Ea
Unit Price
Add
1
for $5.00

Coles Gluten Free Hot Cross Bun 3 pack while stocks last product
Coles Gluten Free Hot Cross Bun
3 pack while stocks last product
$4.00
3 pack $1.33 per 1Ea
Unit Price
Add
1
for $4.00

Coles Gluten Free Chocolate Hot Cross Buns 3 pack while stocks last product
Coles Gluten Free Chocolate Hot Cross Buns
3 pack while stocks last product
$4.00
3 pack $1.33 per 1Ea
Unit Price
Add
1
for $4.00

Coles Hot Cross Buns Special Burger Sauce 4 pack while stocks last product
Coles Hot Cross Buns Special Burger Sauce
4 pack while stocks last product
$5.00
4 pack $1.25 per 1Ea
Unit Price
Add
1
for $5.00"	['/wcsstore/Coles-CAS/images/4/8/8/4882025-th.jpg', '/wcsstore/Coles-CAS/images/4/8/8/4882025_L-th.jpg', '/wcsstore/Coles-CAS/images/4/8/8/4882025_R-th.jpg', '/wcsstore/Coles-CAS/images/4/8/8/4882025_B-th.jpg']
Coles	Hot Cross Buns Apple And Cinnamon	$ 4 .00	6 pack	$0.67 per 1Ea	"Nutrition Facts
Serving size: 1 serving = Approx. 76g (1 Bun)
Qty
Quantity
per serving Qty
Quantity
per 100g / 100ml %
Percentage
daily intake*
Energy 946 1250 11
Energy Cal 226 298 0
Protein 5.02 6.6 10
Total Fat 4.6 6.1 7
Saturated Fat 3.4 3.8 14
Carbohydrate 39.7 52.2 13
Sugars 13.98 18.4 16
Dietary Fibre Total 1.82 2.4 6
Sodium 212 279 9
*Percentage Daily Intake per serving. Percentage Daily Intakes are based on an average adult diet of 8700 kJ. Your daily intakes may be higher or lower depending on your energy needs.
Disclaimer:
Product details, including nutritional information and country of origin, may change from time to time and so the product you receive in your order may not reflect the information on this page. Please check the packaging on any product you purchase and if it's not what you expected, feel free to return it for a full refund.
Details
Ingredients:
INGREDIENTS: Wheat Flour (Vitamins (Thiamin, Folic Acid)), Water, Apple Pieces (11%) (Apple Puree (53%) (Apple Puree, Ascorbic Acid (300)), Inverted Syrup, Sucrose, Humectant (Glycerol), Citrus Fibre, Acidity Regulator (296), Gelling Agent (Pectin (440), Sucrose), Natural Flavour), Cinnamon Flavoured Chips (7%) (Sugar, Vegetable Fats (Palm**, Coconut), Milk Solids, Cinnamon, Emulsifiers (322 (Soy), 492)), Sugar, Yeast, Crossing Paste (Water, Wheat Starch, Wheat Flour, Vegetable Oils (Palm**, Canola), Vegetable Emulsifier (471 from Palm**), Thickener (415) (Soy), Salt), Vegetable Oils (Palm**, Canola), Glaze (Water, Sugar, Thickeners (1400, 415), Acidity Regulator (330)), Wheat Gluten, Spices, Iodised Salt, Processing Aid (Wheat)., Wheat Flour,Water,Apple Pieces (10%) [Apple Puree (53%) (Apple Puree, Ascorbic Acid (300)], Inverted Syrup, Sucrose, Humectant (Glycerol), Citrus Fibre, Acidity Regulator (296), Gelling Agent (Pectin, Sucrose), Flavour], Cinnamon Flavoured Chips (9%) [Sugar, Vegetable Fats (Palm**, Coconut),Milk Solids,Cinnamon, Emulsifiers (322 Soy,492)], Sugar, Crossing Paste [Water,Wheat Starch,Wheat Flour,Vegetable Oils (Palm**, Canola), Vegetable Emulsifier (471 Palm**), Thickener (415), Salt], Yeast, Vegetable Oils (Palm**, Canola), Glaze [Water, Sugar, Thickeners (1400, 415), Acidity Regulator (330)], Wheat Gluten, Spices, Iodised Salt, Vitamins (Thiamin, Folic Acid)
Allergen:
May Contain Pine, May Contain Walnut, May Contain EGG, Contains SOY, May Contain Macadamia Nuts, May Contain Cashew, May Contain SESAME, May Contain Hazelnuts, May Contain Brazil Nuts, Contains MILK, May Contain Lupin, May Contain Almonds, Contains CEREALS CONTAINING GLUTEN, May Contain PEANUTS, Contains Gluten, May Contain Pistachios, Contains Wheat, Contains Sulphites, May Contain Pecan
Servings Per Pack:
6
Storage Instructions:
Store in a cool, dry place
Code: 2132192P
2 1 3 2 1 9 2 P
Customers also purchased
Coles Hot Cross Buns Chocolate 6 pack while stocks last product
Coles Hot Cross Buns Chocolate
6 pack while stocks last product
$4.00
6 pack $0.67 per 1Ea
Unit Price
Add
1
for $4.00

Coles Vegemite And Cheese Hot Cross Buns 4 pack while stocks last product
Coles Vegemite And Cheese Hot Cross Buns
4 pack while stocks last product
$5.00
4 pack $1.25 per 1Ea
Unit Price
Add
1
for $5.00

Coles Gluten Free Hot Cross Bun 3 pack while stocks last product
Coles Gluten Free Hot Cross Bun
3 pack while stocks last product
$4.00
3 pack $1.33 per 1Ea
Unit Price
Add
1
for $4.00

Coles Carrot Cake Filled Hot Cross Bun 4 pack on special
Coles Carrot Cake Filled Hot Cross Bun
4 pack on special
$5.00
save
$1.00
4 pack $1.25 per 1Ea
Unit Price
Add
1
for $5.00"	['/wcsstore/Coles-CAS/images/2/1/3/2132192-th.jpg', '/wcsstore/Coles-CAS/images/2/1/3/2132192_L-th.jpg', '/wcsstore/Coles-CAS/images/2/1/3/2132192_R-th.jpg', '/wcsstore/Coles-CAS/images/2/1/3/2132192_B-th.jpg']
Coles	Hot Cross Buns Traditional Fruit	$ 4 .00	6 pack	$0.67 per 1Ea	"Nutrition Facts
Serving size: 1 serving = Approximately 90
Qty
Quantity
per serving Qty
Quantity
per 100g / 100ml %
Percentage
daily intake*
Energy 905.616 1191.6
Not provided
Energy Cal 216.6545455 285.0717703
Not provided
Protein 6.232 8.2
Not provided
Trans 0.0684 0.09
Not provided
Carbohydrate 38 50
Not provided
Sugars 18.088 23.8
Not provided
Dietary Fibre Total 3.04 4
Not provided
Sodium 140.6 185
Not provided
*Percentage Daily Intake per serving. Percentage Daily Intakes are based on an average adult diet of 8700 kJ. Your daily intakes may be higher or lower depending on your energy needs.
Disclaimer:
Product details, including nutritional information and country of origin, may change from time to time and so the product you receive in your order may not reflect the information on this page. Please check the packaging on any product you purchase and if it's not what you expected, feel free to return it for a full refund.
Details
Ingredients:
INGREDIENTS: Wheat Flour [Wheat Flour, Thiamin, Folic Acid], Mixed Fruit (27%) [Currants, Sultanas, Raisins, Sunflower Oil, Cotton Seed Oil, Rapeseed Oil], Water, Sugar, Yeast [Water, Yeast], Canola Oil, Gluten (Wheat), Mixed Spice Melange [Cassia, Coriander, Nutmeg, Cloves, Ginger, Pepper, Cinnamon, Cardamom], Invert Syrup [Sugar, Water], Crossing Mix [Wheat Starch, Wheat Flour, Canola Oil, Palm Oil, Vegetable Emulsifier (471), Thickener (415), Salt], Iodised Salt, Bun Glaze [Water, Sunflower Oil, Protein (Potato), Pea Protein, Dextrose, Maltodextrin, Wheat Starch], Emulsifier (471, 472e), Acidity Regulator (260, 262), Soy (322), Mineral Salt (Calcium Carbonate), Soy Flour, Contains Wheat (Enzyme), Enzyme Blend [516, Enzyme], Soy Lecithin (322), Calcium Phosphate (341), Ascorbic Acid (300), Enzyme.
Allergen:
May Contain Pine, May Contain Walnut, May Contain EGG, May Contain MILK, Contains SOY, Contains SULPHITES, May Contain Macadamia Nuts, May Contain Cashew, May Contain SESAME, May Contain Hazelnuts, May Contain Brazil Nuts, May Contain Lupin, May Contain Almonds, May Contain PEANUTS, Contains Gluten, May Contain Pistachios, Contains Wheat, May Contain Pecan
Servings Per Pack:
6.0
Storage Instructions:
Store in a cool, dry place, out of direct sunlight
Code: 7474262P
7 4 7 4 2 6 2 P
Customers also purchased
Coles Hot Cross Buns Fruit Free 6 pack while stocks last product
Coles Hot Cross Buns Fruit Free
6 pack while stocks last product
$4.00
6 pack $0.67 per 1Ea
Unit Price
Add
1
for $4.00

Coles Hot Cross Buns Chocolate 6 pack while stocks last product
Coles Hot Cross Buns Chocolate
6 pack while stocks last product
$4.00
6 pack $0.67 per 1Ea
Unit Price
Add
1
for $4.00

Coles Hot Cross Buns Apple And Cinnamon 6 pack while stocks last product
Coles Hot Cross Buns Apple And Cinnamon
6 pack while stocks last product
$4.00
6 pack $0.67 per 1Ea
Unit Price
Add
1
for $4.00

Coles Gluten Free Hot Cross Bun 3 pack while stocks last product
Coles Gluten Free Hot Cross Bun
3 pack while stocks last product
$4.00
3 pack $1.33 per 1Ea
Unit Price
Add
1
for $4.00"	['/wcsstore/Coles-CAS/images/7/4/7/7474262-th.jpg', '/wcsstore/Coles-CAS/images/7/4/7/7474262_L-th.jpg', '/wcsstore/Coles-CAS/images/7/4/7/7474262_R-th.jpg', '/wcsstore/Coles-CAS/images/7/4/7/7474262_B-th.jpg']
Coles	Hot Cross Buns Traditional Fruit Mini	$ 4 .00	9 pack	$0.44 per 1Ea	"Nutrition Facts
Serving size: 1 serving = Approx. 43g (1 bun)
Qty
Quantity
per serving Qty
Quantity
per 100g / 100ml %
Percentage
daily intake*
Energy 499 1160 6
Energy Cal 119.35 277.56 0
Protein 3.53 8.20 7
Total Fat 1.94 4.50 3
Saturated Fat 0.26 0.60 1
Trans 0.04 0.09 0
Carbohydrate 20.94 48.70 7
Sugars 8.99 20.90 10
Dietary Fibre Total 1.42 3.30 5
Sodium 61.92 144.00 3
*Percentage Daily Intake per serving. Percentage Daily Intakes are based on an average adult diet of 8700 kJ. Your daily intakes may be higher or lower depending on your energy needs.
Disclaimer:
Product details, including nutritional information and country of origin, may change from time to time and so the product you receive in your order may not reflect the information on this page. Please check the packaging on any product you purchase and if it's not what you expected, feel free to return it for a full refund.
Details
Ingredients:
INGREDIENTS: Wheat Flour, Fruit (28%) [Currants, Sultanas, Raisins, Sunflower Oil], Water, Crossing Paste [Water, Wheat Starch, Wheat Flour, Vegetable Oils (Palm**, Canola), Vegetable Emulsifier (471 Palm**), Thickener (415), Salt], Sugar, Canola Oil, Yeast, Wheat Gluten, Spices, Glaze [Water, Vegetable Protein, Sunflower Oil, Dextrose, Maltodextrin, Starch], Iodised Salt, Emulsifiers (322 Soy), 471 Palm**), Acidity Regulators (260, 262), Vitamins (Thiamin, Folic Acid).
Allergen:
May Contain SULPHITES, May Contain EGG, May Contain MILK, Contains SOY, May Contain SESAME, Contains CEREALS CONTAINING GLUTEN, May Contain PEANUTS, Contains Wheat, May Contain TREE NUTS
Servings Per Pack:
9.0
Code: 8930946P
8 9 3 0 9 4 6 P"	['/wcsstore/Coles-CAS/images/8/9/3/8930946-th.jpg', '/wcsstore/Coles-CAS/images/8/9/3/8930946_L-th.jpg', '/wcsstore/Coles-CAS/images/8/9/3/8930946_R-th.jpg', '/wcsstore/Coles-CAS/images/8/9/3/8930946_B-th.jpg']
Coles	Vegemite And Cheese Hot Cross Buns	$ 5 .00	4 pack	$1.25 per 1Ea	"Nutrition Facts
Serving size: 1 serving = Approx. 80g (1 Bun)
Qty
Quantity
per serving Qty
Quantity
per 100g / 100ml %
Percentage
daily intake*
Energy 1010 1260 12
Energy Cal 241 302
Not provided
Protein 10.6 13.2 21
Total Fat 7.4 9.3 11
Saturated Fat 4.4 5.5 18
Trans LESS THAN 0.1g LESS THAN 0.1g
Not provided
Carbohydrate 31.4 39.3 10
Sugars 6.72 8.40 7
Dietary Fibre Total 2.40 3.00 8
Sodium 534 667 23
*Percentage Daily Intake per serving. Percentage Daily Intakes are based on an average adult diet of 8700 kJ. Your daily intakes may be higher or lower depending on your energy needs.
Disclaimer:
Product details, including nutritional information and country of origin, may change from time to time and so the product you receive in your order may not reflect the information on this page. Please check the packaging on any product you purchase and if it's not what you expected, feel free to return it for a full refund.
Details
Ingredients:
INGREDIENTS: Bun [Wheat Flour (Vitamins (Thiamin, Folic Acid)), Water, Cheese (5%) (Tasty and Parmesan Cheese (Pasteurised Milk, Salt, Cultures, Non-Animal Rennet), Whey Powder (Milk), Tapioca Starch, Preservative (200)), Vegemite (4%) (Yeast Extract (Barley and Wheat), Salt, Mineral Salt (508), Malt Extract (Barley), Colour (150c), Flavours, Niacin, Thiamine, Riboflavin, Folate), Sugar, Vegetable Oils Blend (Vegetable Oils (Palm**, Canola), Emulsifiers (471, 477 from Palm**, 322 (Soy)), Natural Colour (160a), Antioxidant (307b)), Egg Powder, Wheat Gluten, Butter Oil (Milk), Iodised Salt, Milk Solids, Yeast, Inactive Dried Yeast, Malted Wheat Flour, Natural Flavouring], Topping (5%) [Tasty Cheese (Pasteurised Milk, Salt, Cultures, Non-Animal Rennet), Tapioca Starch, Preservative (200)], Crossing [Water, Wheat Starch, Wheat Flour, Vegetable Oils (Palm**, Canola), Vegemite (0.1%) (Gluten), Vegetable Emulsifier (471 from Palm**), Colour (150c), Thickener (415), Salt], Glaze.
Allergen:
CONTAINS SOY, CONTAINS Gluten, CONTAINS MILK, CONTAINS EGG, MAY CONTAIN PEANUTS, MAY CONTAIN SESAME, CONTAINS Wheat
Servings Per Pack:
4.0
Storage Instructions:
Store in a cool, dry placernPreviously frozen, not suitable for freezing
Preparation Instructions:
Microwave:rnMicrowave: 20 secsNote: Heating temperature and times are provided as guide only. Microwaves will vary between brands.Caution: Product will be hot. Take care when handling.rnrn
Code: 4813656P
4 8 1 3 6 5 6 P
Customers also purchased
Sonoma Baking Indulgent Dark Chocolate Hot Cross Buns 4pack
Sonoma Baking Indulgent Dark Chocolate Hot Cross Buns 4pack
$5.50
$5.50 per 1Ea
Unit Price
Add
1
for $5.50

Coles Hot Cross Buns Premium Fruit 4 pack while stocks last product
Coles Hot Cross Buns Premium Fruit
4 pack while stocks last product
$5.00
4 pack $1.25 per 1Ea
Unit Price
Add
1
for $5.00

Coles Hot Cross Buns Special Burger Sauce 4 pack while stocks last product
Coles Hot Cross Buns Special Burger Sauce
4 pack while stocks last product
$5.00
4 pack $1.25 per 1Ea
Unit Price
Add
1
for $5.00

Coles Red Velvet Filled Hot Cross Buns 4 pack on special
Coles Red Velvet Filled Hot Cross Buns
4 pack on special
$5.00
save
$1.00
4 pack $1.25 per 1Ea
Unit Price
Add
1
for $5.00"	['/wcsstore/Coles-CAS/images/4/8/1/4813656-th.jpg', '/wcsstore/Coles-CAS/images/4/8/1/4813656_L-th.jpg', '/wcsstore/Coles-CAS/images/4/8/1/4813656_B-th.jpg']
Coles	Gluten Free Chocolate Hot Cross Buns	$ 4 .00	3 pack	$1.33 per 1Ea	"Disclaimer:
Product details, including nutritional information and country of origin, may change from time to time and so the product you receive in your order may not reflect the information on this page. Please check the packaging on any product you purchase and if it's not what you expected, feel free to return it for a full refund.
Details
Allergen:
Contains SOY, Contains EGG
Code: 3378405P
3 3 7 8 4 0 5 P
Customers also purchased
Coles Hot Cross Buns Chocolate 6 pack while stocks last product
Coles Hot Cross Buns Chocolate
6 pack while stocks last product
$4.00
6 pack $0.67 per 1Ea
Unit Price
Add
1
for $4.00

Coles Gluten Free Hot Cross Bun 3 pack while stocks last product
Coles Gluten Free Hot Cross Bun
3 pack while stocks last product
$4.00
3 pack $1.33 per 1Ea
Unit Price
Add
1
for $4.00

Coles Carrot Cake Filled Hot Cross Bun 4 pack on special
Coles Carrot Cake Filled Hot Cross Bun
4 pack on special
$5.00
save
$1.00
4 pack $1.25 per 1Ea
Unit Price
Add
1
for $5.00"	['/wcsstore/Coles-CAS/images/3/3/7/3378405-th.jpg', '/wcsstore/Coles-CAS/images/3/3/7/3378405_L-th.jpg', '/wcsstore/Coles-CAS/images/3/3/7/3378405_R-th.jpg', '/wcsstore/Coles-CAS/images/3/3/7/3378405_B-th.jpg']
Coles	Hot Cross Buns Apple And Cinnamon	$ 4 .00	6 pack	$0.67 per 1Ea	"Nutrition Facts
Serving size: 1 serving = 76g per serving
Qty
Quantity
per serving Qty
Quantity
per 100g / 100ml %
Percentage
daily intake*
Energy 908.58 1195.5
Not provided
Energy Cal 217.3636364 286.0047847
Not provided
Protein 5.016 6.6
Not provided
Trans 0.076 0.1
Not provided
Carbohydrate 38.152 50.2
Not provided
Sugars 13.452 17.7
Not provided
Dietary Fibre Total 2.508 3.3
Not provided
Sodium 221.16 291
Not provided
*Percentage Daily Intake per serving. Percentage Daily Intakes are based on an average adult diet of 8700 kJ. Your daily intakes may be higher or lower depending on your energy needs.
Disclaimer:
Product details, including nutritional information and country of origin, may change from time to time and so the product you receive in your order may not reflect the information on this page. Please check the packaging on any product you purchase and if it's not what you expected, feel free to return it for a full refund.
Details
Ingredients:
INGREDIENTS: Wheat Flour [Wheat Flour, Thiamin, Folic Acid], Water, Apple Pieces (11%) [Apple Puree, 300, Cane Sugar Syrup, Sucrose (Sugar), Humectant (422), Citrus Fibre, 296, 440, Natural Flavouring], Cinnamon Flavoured Baking Chips (7%) [Sugar, Palm Oil, Coconut Oil, Milk Solids, Cinnamon, Soy Lecithin], Yeast [Water, Yeast], Sugar, Invert Syrup [Sugar, Water], Mixed Spice Melange [Cassia, Coriander, Nutmeg, Cloves, Ginger, Pepper, Cinnamon, Cardamom], Canola Oil, Crossing Mix [Wheat Starch, Wheat Flour, Canola Oil, Palm Oil, Vegetable Emulsifier (471), Thickener (415), Salt], Iodised Salt, Bun Glaze [Water, Sunflower Oil, Protein (Potato), Pea Protein, Dextrose, Maltodextrin, Wheat Starch], Acidity Regulator (260, 262), Emulsifier (471, 472e), Soy (322), Mineral Salt (Calcium Carbonate), Soy Flour, Contains Wheat (Enzyme), Enzyme Blend [516, Enzyme], Soy Lecithin (322), Calcium Phosphate (341), Ascorbic Acid (300), Enzyme.
Allergen:
May Contain Pine, May Contain Walnut, May Contain EGG, Contains SOY, Contains SULPHITES, May Contain Macadamia Nuts, May Contain Cashew, May Contain SESAME, May Contain Hazelnuts, May Contain Brazil Nuts, Contains MILK, May Contain Lupin, May Contain Almonds, May Contain PEANUTS, Contains Gluten, May Contain Pistachios, Contains Wheat, May Contain Pecan
Servings Per Pack:
6.0
Storage Instructions:
Store in a cool, dry place, out of direct sunlight
Code: 2151801P
2 1 5 1 8 0 1 P
Customers also purchased
Coles Hot Cross Buns Traditional Fruit 6 pack while stocks last product
Coles Hot Cross Buns Traditional Fruit
6 pack while stocks last product
$4.00
6 pack $0.67 per 1Ea
Unit Price
Add
1
for $4.00

Coles Hot Cross Buns Fruit Free 6 pack while stocks last product
Coles Hot Cross Buns Fruit Free
6 pack while stocks last product
$4.00
6 pack $0.67 per 1Ea
Unit Price
Add
1
for $4.00

Coles Hot Cross Buns Chocolate 6 pack while stocks last product
Coles Hot Cross Buns Chocolate
6 pack while stocks last product
$4.00
6 pack $0.67 per 1Ea
Unit Price
Add
1
for $4.00

Coles Carrot Cake Filled Hot Cross Bun 4 pack on special
Coles Carrot Cake Filled Hot Cross Bun
4 pack on special
$5.00
save
$1.00
4 pack $1.25 per 1Ea
Unit Price
Add
1
for $5.00"	['/wcsstore/Coles-CAS/images/2/1/5/2151801-th.jpg', '/wcsstore/Coles-CAS/images/2/1/5/2151801_L-th.jpg', '/wcsstore/Coles-CAS/images/2/1/5/2151801_R-th.jpg', '/wcsstore/Coles-CAS/images/2/1/5/2151801_B-th.jpg']
Coles	Hot Cross Buns Fruit Free	$ 4 .00	6 pack	$0.67 per 1Ea	"Nutrition Facts
Serving size: 1 serving = 67g per serving
Qty
Quantity
per serving Qty
Quantity
per 100g / 100ml %
Percentage
daily intake*
Energy 728.759 1087.7
Not provided
Energy Cal 174.3442584 260.215311
Not provided
Protein 5.293 7.9
Not provided
Trans 0.0603 0.09
Not provided
Carbohydrate 32.026 47.8
Not provided
Sugars 5.896 8.8
Not provided
Dietary Fibre Total 1.876 2.8
Not provided
Sodium 255.27 381
Not provided
*Percentage Daily Intake per serving. Percentage Daily Intakes are based on an average adult diet of 8700 kJ. Your daily intakes may be higher or lower depending on your energy needs.
Disclaimer:
Product details, including nutritional information and country of origin, may change from time to time and so the product you receive in your order may not reflect the information on this page. Please check the packaging on any product you purchase and if it's not what you expected, feel free to return it for a full refund.
Details
Ingredients:
INGREDIENTS: Wheat Flour [Wheat Flour, Thiamin, Folic Acid], Water, Sugar, Yeast [Water, Yeast], Invert Syrup [Sugar, Water], Mixed Spice Melange [Cassia, Coriander, Nutmeg, Cloves, Ginger, Pepper, Cinnamon, Cardamom], Canola Oil, Crossing Mix [Wheat Starch, Wheat Flour, Canola Oil, Palm Oil, Vegetable Emulsifier (471), Thickener (415), Salt], Iodised Salt, Bun Glaze [Water, Sunflower Oil, Protein (Potato), Pea Protein, Dextrose, Maltodextrin, Wheat Starch], Acidity Regulator (260, 262), Emulsifier (471, 472e), Soy (322), Mineral Salt (Calcium Carbonate), Soy Flour, Contains Wheat (Enzyme), Enzyme Blend [516, Enzyme], Soy Lecithin (322), Calcium Phosphate (341), Ascorbic Acid (300), Enzyme.
Allergen:
May Contain Pine, May Contain Walnut, May Contain EGG, May Contain MILK, Contains SOY, Contains SULPHITES, May Contain Macadamia Nuts, May Contain Cashew, May Contain SESAME, May Contain Hazelnuts, May Contain Brazil Nuts, May Contain Lupin, May Contain Almonds, May Contain PEANUTS, Contains Gluten, May Contain Pistachios, Contains Wheat, May Contain Pecan
Servings Per Pack:
6.0
Storage Instructions:
Store in a cool, dry place, out of direct sunlight
Code: 7474230P
7 4 7 4 2 3 0 P
Customers also purchased
Coles Hot Cross Buns Traditional Fruit 6 pack while stocks last product
Coles Hot Cross Buns Traditional Fruit
6 pack while stocks last product
$4.00
6 pack $0.67 per 1Ea
Unit Price
Add
1
for $4.00

Coles Hot Cross Buns Chocolate 6 pack while stocks last product
Coles Hot Cross Buns Chocolate
6 pack while stocks last product
$4.00
6 pack $0.67 per 1Ea
Unit Price
Add
1
for $4.00

Coles Hot Cross Buns Apple And Cinnamon 6 pack while stocks last product
Coles Hot Cross Buns Apple And Cinnamon
6 pack while stocks last product
$4.00
6 pack $0.67 per 1Ea
Unit Price
Add
1
for $4.00

Coles Red Velvet Filled Hot Cross Buns 4 pack on special
Coles Red Velvet Filled Hot Cross Buns
4 pack on special
$5.00
save
$1.00
4 pack $1.25 per 1Ea
Unit Price
Add
1
for $5.00"	['/wcsstore/Coles-CAS/images/7/4/7/7474230-th.jpg', '/wcsstore/Coles-CAS/images/7/4/7/7474230_L-th.jpg', '/wcsstore/Coles-CAS/images/7/4/7/7474230_R-th.jpg', '/wcsstore/Coles-CAS/images/7/4/7/7474230_B-th.jpg']
Coles	Hot Cross Buns Chocolate	$ 4 .00	6 pack	$0.67 per 1Ea	"Nutrition Facts
Serving size: 1 serving = 76g per serving
Qty
Quantity
per serving Qty
Quantity
per 100g / 100ml %
Percentage
daily intake*
Energy 1003.352 1320.2
Not provided
Energy Cal 240.0363636 315.8373206
Not provided
Protein 6.004 7.9
Not provided
Trans 0.0684 0.09
Not provided
Carbohydrate 34.504 45.4
Not provided
Sugars 14.82 19.5
Not provided
Dietary Fibre Total 2.432 3.2
Not provided
Sodium 221.16 291
Not provided
*Percentage Daily Intake per serving. Percentage Daily Intakes are based on an average adult diet of 8700 kJ. Your daily intakes may be higher or lower depending on your energy needs.
Disclaimer:
Product details, including nutritional information and country of origin, may change from time to time and so the product you receive in your order may not reflect the information on this page. Please check the packaging on any product you purchase and if it's not what you expected, feel free to return it for a full refund.
Details
Ingredients:
INGREDIENTS: Wheat Flour [Wheat Flour, Thiamin, Folic Acid], Chocolate Chips (25%) [Sugar, Solids (Cocoa), Milk Solids, Emulsifier (322), Natural Vanilla Flavouring], Water, Yeast [Water, Yeast], Sugar, Cocoa Powder, Canola Oil, Crossing Mix [Wheat Starch, Wheat Flour, Canola Oil, Palm Oil, Vegetable Emulsifier (471), Thickener (415), Salt], Gluten (Wheat), Iodised Salt, Bun Glaze [Water, Sunflower Oil, Protein (Potato), Pea Protein, Dextrose, Maltodextrin, Wheat Starch], Dark Compound Filling [Sugar, Palm Fat, Cocoa Powder, Emulsifier (322), Natural Vanilla Flavouring], Acidity Regulator (260, 262), Emulsifier (471, 472e), Soy (322), Enzyme Blend [516, Enzyme], Soy Lecithin (322), Calcium Phosphate (341), Ascorbic Acid (300), Enzyme.
Allergen:
May Contain Pine, May Contain Walnut, May Contain SULPHITES, May Contain EGG, Contains SOY, May Contain Macadamia Nuts, May Contain Cashew, May Contain SESAME, May Contain Hazelnuts, May Contain Brazil Nuts, Contains MILK, May Contain Lupin, May Contain Almonds, May Contain PEANUTS, Contains Gluten, May Contain Pistachios, Contains Wheat, May Contain Pecan
Servings Per Pack:
6.0
Storage Instructions:
Store in a cool, dry place, out of direct sunlight
Code: 7474295P
7 4 7 4 2 9 5 P
Customers also purchased
Coles Hot Cross Buns Traditional Fruit 6 pack while stocks last product
Coles Hot Cross Buns Traditional Fruit
6 pack while stocks last product
$4.00
6 pack $0.67 per 1Ea
Unit Price
Add
1
for $4.00

Coles Hot Cross Buns Fruit Free 6 pack while stocks last product
Coles Hot Cross Buns Fruit Free
6 pack while stocks last product
$4.00
6 pack $0.67 per 1Ea
Unit Price
Add
1
for $4.00

Coles Hot Cross Buns Apple And Cinnamon 6 pack while stocks last product
Coles Hot Cross Buns Apple And Cinnamon
6 pack while stocks last product
$4.00
6 pack $0.67 per 1Ea
Unit Price
Add
1
for $4.00

Coles Gluten Free Hot Cross Bun 3 pack while stocks last product
Coles Gluten Free Hot Cross Bun
3 pack while stocks last product
$4.00
3 pack $1.33 per 1Ea
Unit Price
Add
1
for $4.00"	['/wcsstore/Coles-CAS/images/7/4/7/7474295-th.jpg', '/wcsstore/Coles-CAS/images/7/4/7/7474295_L-th.jpg', '/wcsstore/Coles-CAS/images/7/4/7/7474295_R-th.jpg', '/wcsstore/Coles-CAS/images/7/4/7/7474295_B-th.jpg']
Coles	Hot Cross Buns Premium Fruit	$ 5 .00	4 pack	$1.25 per 1Ea	"Nutrition Facts
Serving size: 1 serving = Approx. 80g (1 bun)
Qty
Quantity
per serving Qty
Quantity
per 100g / 100ml %
Percentage
daily intake*
Energy 874 1090 10
Energy Cal 209 261
Not provided
Protein 6.7 8.4 13
Total Fat LESS THAN 1g LESS THAN 1g 1
Saturated Fat LESS THAN 1g LESS THAN 1g 1
Trans LESS THAN 0.1g LESS THAN 0.1g
Not provided
Carbohydrate 42.4 53.0 14
Sodium 176 220 8
*Percentage Daily Intake per serving. Percentage Daily Intakes are based on an average adult diet of 8700 kJ. Your daily intakes may be higher or lower depending on your energy needs.
Disclaimer:
Product details, including nutritional information and country of origin, may change from time to time and so the product you receive in your order may not reflect the information on this page. Please check the packaging on any product you purchase and if it's not what you expected, feel free to return it for a full refund.
Details
Ingredients:
INGREDIENTS: Wheat Flour, Mixed Fruits (30%) [Currants, Sultanas, Raisins, Cranberries (Cranberries, Sugar, Sunflower Oil), Candied Orange Peel (Orange Peel (Sulphites), Glucose Syrup, Sugar, Acidity Regulator (330), Vegetable Oils], Water, Sugar, Wheat Gluten, Egg Powder, Yeast, Canola Oil, Milk Fat, Skim Milk Powder, Thickeners (1412, 415), Vinegar, Iodised Salt, Wheat Starch, Mixed Spices, Soy Flour, Emulsifiers (471, 481, 475), Pea Protein, Natural Butter Flavour, Glucose Syrup, Rice Flour, Sunflower Oil, Dextrose, Maltodextrin, Natural Colour (160a), Vitamins (Thiamin, Folic Acid).
Allergen:
Contains SOY, May Contain SESAME, Contains MILK, Contains EGG, May Contain Lupin, Contains Gluten, Contains Wheat, Contains Sulphites
Servings Per Pack:
4.0
Storage Instructions:
Not suitable for freezingrnStore in a cool, dry place
Code: 5726091P
5 7 2 6 0 9 1 P"	['/wcsstore/Coles-CAS/images/5/7/2/5726091-th.jpg', '/wcsstore/Coles-CAS/images/5/7/2/5726091_B-th.jpg']
Coles	Gluten Free Hot Cross Bun	$ 4 .00	3 pack	$1.33 per 1Ea	"Nutrition Facts
Serving size: 1 serving = 60
Qty
Quantity
per serving Qty
Quantity
per 100g / 100ml %
Percentage
daily intake*
Energy 646.92 1078.20
Not provided
Energy Cal 154.77 257.94
Not provided
Protein 3.24 5.40
Not provided
Total Fat 2.28 3.80
Not provided
Saturated Fat 0.48 0.80
Not provided
Carbohydrate 27.48 45.80
Not provided
Sugars 12.60 21.00
Not provided
Dietary Fibre Total 5.04 8.40
Not provided
Sodium 144.00 240.00
Not provided
Gluten 0.00 0.00
Not provided
*Percentage Daily Intake per serving. Percentage Daily Intakes are based on an average adult diet of 8700 kJ. Your daily intakes may be higher or lower depending on your energy needs.
Disclaimer:
Product details, including nutritional information and country of origin, may change from time to time and so the product you receive in your order may not reflect the information on this page. Please check the packaging on any product you purchase and if it's not what you expected, feel free to return it for a full refund.
Details
Ingredients:
INGREDIENTS: Water, Vine Fruit (20%) (Currants, Sultanas), Modified Tapioca Starch (1442), Rice Flour, Soy Flour, Sugar, Resistant Starch, Maize Starch, Vegetable Oil, Egg White Powder, Vinegar, Soy Protein, Mixed Spice, Dried Yeast, Vegetable Gums (464, 466, 412, 461), Iodised Salt, Psyllium Husk Powder, Tapioca Starch, Cinnamon, Humectant (Glycerine), Potato Starch, Preservative (Sorbic Acid).
Allergen:
Contains SOY, Contains EGG
Servings Per Pack:
3.0
Code: 2151970P
2 1 5 1 9 7 0 P
Customers also purchased
Coles Hot Cross Buns Traditional Mini Fruit 9 pack while stocks last product
Coles Hot Cross Buns Traditional Mini Fruit
9 pack while stocks last product
$4.00
9 pack $0.44 per 1Ea
Unit Price
Add
1
for $4.00

Coles Hot Cross Buns Apple And Cinnamon 6 pack while stocks last product
Coles Hot Cross Buns Apple And Cinnamon
6 pack while stocks last product
$4.00
6 pack $0.67 per 1Ea
Unit Price
Add
1
for $4.00

Coles Gluten Free Chocolate Hot Cross Buns 3 pack while stocks last product
Coles Gluten Free Chocolate Hot Cross Buns
3 pack while stocks last product
$4.00
3 pack $1.33 per 1Ea
Unit Price
Add
1
for $4.00

Coles Hot Cross Buns Premium Fruit 4 pack while stocks last product
Coles Hot Cross Buns Premium Fruit
4 pack while stocks last product
$5.00
4 pack $1.25 per 1Ea
Unit Price
Add
1
for $5.00"	['/wcsstore/Coles-CAS/images/2/1/5/2151970-th.jpg', '/wcsstore/Coles-CAS/images/2/1/5/2151970_L-th.jpg', '/wcsstore/Coles-CAS/images/2/1/5/2151970_B-th.jpg']
Coles	Red Velvet Filled Hot Cross Buns	$ 5 .00	4 pack	$1.25 per 1Ea	"Nutrition Facts
Serving size: 1 serving = Approx. 98g (1 Bun)
Qty
Quantity
per serving Qty
Quantity
per 100g / 100ml %
Percentage
daily intake*
Energy 1370 1400 16
Energy Cal 328 335
Not provided
Protein 7.9 8.1 16
Total Fat 7.7 9.3 11
Saturated Fat 2.1 2.5 9
Trans LESS THAN 0.1g LESS THAN 0.1g
Not provided
Carbohydrate 31.5 37.9 10
Sugars 18.0g 18.4g
Not provided
Dietary Fibre Total 3.0g 3.1g
Not provided
Sodium 236 241 10
*Percentage Daily Intake per serving. Percentage Daily Intakes are based on an average adult diet of 8700 kJ. Your daily intakes may be higher or lower depending on your energy needs.
Disclaimer:
Product details, including nutritional information and country of origin, may change from time to time and so the product you receive in your order may not reflect the information on this page. Please check the packaging on any product you purchase and if it's not what you expected, feel free to return it for a full refund.
Details
Ingredients:
INGREDIENTS: Bun [Wheat Flour (Vitamins (Thiamin, Folic Acid)), Water, Cocoa Powder^ (4%), Sugar, Yeast, Margarine Blend (Vegetable Oils (Canola, Coconut), Water, Butter (Butter Oil (Milk), Water, Salt), Salt, Buttermilk Powder (Milk), Emulsifier (471), Natural Flavour, Food Acid (270), Natural Colour (160a)), Canola Oil, Wheat Gluten, Emulsifiers (322 (Soy), 471 from Palm**), Acidity Regulators (260, 262), Iodised Salt, Natural Colour (162), Processing Aids (Wheat), Antioxidant (300)], Cream Cheese Filling (15%) [Sugar, Vegetable Oils (Palm**, Rapeseed), Water, Cream Cheese Powder (Milk) (8%), Humectant (420), Acidity Regulator (330), Natural Flavouring, Salt, Emulsifiers (435, 471), Preservative (202), Natural Colours (160a)], Crossing [Water, Wheat Starch, Wheat Flour, Vegetable Oils (Palm**, Canola), Vegetable Emulsifier (471 from Palm**), Thickener (415), Salt], Glaze [Water, Vegetable Protein, Sunflower Oil, Dextrose, Maltodextrin, Maize Starch].
Allergen:
Contains SOY, Contains MILK, Contains Gluten, Contains Wheat
Servings Per Pack:
4.0
Storage Instructions:
Store in a cool, dry placernPreviously frozen, not suitable for freezing
Code: 5798332P
5 7 9 8 3 3 2 P
Customers also purchased
Sonoma Baking Indulgent Dark Chocolate Hot Cross Buns 4pack
Sonoma Baking Indulgent Dark Chocolate Hot Cross Buns 4pack
$5.50
$5.50 per 1Ea
Unit Price
Add
1
for $5.50

Sonoma Baking Indulgent Fruit And Spice Hot Cross Buns 4 pack
Sonoma Baking Indulgent Fruit And Spice Hot Cross Buns 4 pack
$5.50
$5.50 per 1Ea
Unit Price
Add
1
for $5.50

Coles Hot Cross Buns Special Burger Sauce 4 pack while stocks last product
Coles Hot Cross Buns Special Burger Sauce
4 pack while stocks last product
$5.00
4 pack $1.25 per 1Ea
Unit Price
Add
1
for $5.00

Coles Carrot Cake Filled Hot Cross Bun 4 pack on special
Coles Carrot Cake Filled Hot Cross Bun
4 pack on special
$5.00
save
$1.00
4 pack $1.25 per 1Ea
Unit Price
Add
1
for $5.00"	[]
Coles	Hot Cross Buns Special Burger Sauce	$ 5 .00	4 pack	$1.25 per 1Ea	"Nutrition Facts
Serving size: 1 serving = Approx. 80g (1 Bun)
Qty
Quantity
per serving Qty
Quantity
per 100g / 100ml %
Percentage
daily intake*
Energy 948 1180 11
Energy Cal 227 283
Not provided
Protein 9.0 11.3 18
Total Fat 7.0 8.7 10
Saturated Fat 2.6 3.3 11
Trans LESS THAN 0.1g LESS THAN 0.1g
Not provided
Carbohydrate 30.4 38.0 10
Sodium 395 494 17
*Percentage Daily Intake per serving. Percentage Daily Intakes are based on an average adult diet of 8700 kJ. Your daily intakes may be higher or lower depending on your energy needs.
Disclaimer:
Product details, including nutritional information and country of origin, may change from time to time and so the product you receive in your order may not reflect the information on this page. Please check the packaging on any product you purchase and if it's not what you expected, feel free to return it for a full refund.
Details
Ingredients:
INGREDIENTS: Bun [Wheat Flour (Vitamins (Thiamin, Folic Acid)), Water, Diced Gherkin (5%) (Gherkin, Acetic Acid, Salt), Gherkin Spread (3%) (Gherkins, Sugar, Water, Acetic Acid, Thickener (1412), Spices, Salt), Cheese (3%) (Tasty and Parmesan Cheese (Pasteurised Milk, Salt, Cultures, Non-Animal Rennet), Whey Powder (Milk), Tapioca Starch, Preservative (200)), Seasoning (Contains Milk, Anticaking Agent (551)), Margarine Blend (Vegetable Oils (Canola, Coconut), Water, Butter (Butter Oil (Milk), Water, Salt), Salt, Buttermilk Powder (Milk), Emulsifier (471), Natural Flavour, Food Acid (270), Natural Colour (160a)), Yeast, Wheat Gluten, Sugar, Canola Oil, Onion Powder, Mustard Flour, Tomato Powder, Iodised Salt, Emulsifiers (322 (Soy), 471 from Palm**), Acidity Regulators (260, 262), Processing Aids (Wheat)], Topping (5%) [Tasty Cheese (Pasteurised Milk, Salt, Cultures, Non-Animal Rennet), Tapioca Starch, Preservative (200)], Crossing [Water, Wheat Starch, Wheat Flour, Vegetable Oils (Palm**, Canola), Vegetable Emulsifier (471 from Palm**), Thickener (415), Salt], Glaze [Water, Vegetable Protein, Sunflower Oil, Dextrose, Maltodextrin, Maize Starch].
Allergen:
May Contain EGG, Contains SOY, Contains PEANUTS, May Contain Hazelnuts, Contains SESAME, May Contain Almonds, Contains Gluten, Contains Wheat, Contains Milk, May Contain Pecan
Servings Per Pack:
4.0
Storage Instructions:
Store in a cool, dry placernPreviously frozen, not suitable for freezing
Preparation Instructions:
Microwave:rnNote: Microwave temperature and times are provided as guide only. Microwaves will vary between brands.Caution: Product will be hot. Take care when handling.rnrn
Code: 5798310P
5 7 9 8 3 1 0 P
Customers also purchased
Coles Vegemite And Cheese Hot Cross Buns 4 pack while stocks last product
Coles Vegemite And Cheese Hot Cross Buns
4 pack while stocks last product
$5.00
4 pack $1.25 per 1Ea
Unit Price
Add
1
for $5.00

Sonoma Baking Indulgent Dark Chocolate Hot Cross Buns 4pack
Sonoma Baking Indulgent Dark Chocolate Hot Cross Buns 4pack
$5.50
$5.50 per 1Ea
Unit Price
Add
1
for $5.50

Coles Red Velvet Filled Hot Cross Buns 4 pack on special
Coles Red Velvet Filled Hot Cross Buns
4 pack on special
$5.00
save
$1.00
4 pack $1.25 per 1Ea
Unit Price
Add
1
for $5.00

Coles Carrot Cake Filled Hot Cross Bun 4 pack on special
Coles Carrot Cake Filled Hot Cross Bun
4 pack on special
$5.00
save
$1.00
4 pack $1.25 per 1Ea
Unit Price
Add
1
for $5.00"	['/wcsstore/Coles-CAS/images/5/7/9/5798310-th.jpg', '/wcsstore/Coles-CAS/images/5/7/9/5798310_B-th.jpg']
Coles	Carrot Cake Filled Hot Cross Bun	$ 5 .00	4 pack	$1.25 per 1Ea	"Nutrition Facts
Serving size: 1 serving = Approx. 98g (1 Bun)
Qty
Quantity
per serving Qty
Quantity
per 100g / 100ml %
Percentage
daily intake*
Energy 1270 1300 15
Energy Cal 228 274
Not provided
Protein 7.1 8.6 14
Total Fat 11.1 11.3 16
Saturated Fat 3.6 3.7 15
Trans LESS THAN 0.1g LESS THAN 0.1g
Not provided
Carbohydrate 32.3 38.9 10
Sugars 16.1g 16.4g
Not provided
Dietary Fibre Total 3.9g 4.0g
Not provided
Sodium 208 250 9
*Percentage Daily Intake per serving. Percentage Daily Intakes are based on an average adult diet of 8700 kJ. Your daily intakes may be higher or lower depending on your energy needs.
Disclaimer:
Product details, including nutritional information and country of origin, may change from time to time and so the product you receive in your order may not reflect the information on this page. Please check the packaging on any product you purchase and if it's not what you expected, feel free to return it for a full refund.
Details
Ingredients:
INGREDIENTS: Bun [Wheat Flour (Vitamins (Thiamin, Folic Acid)), Rehydrated Carrot (22%), Water, Canola Oil, Brown Sugar, Yeast, Sugar, Margarine Blend (Vegetable Oils (Canola, Coconut), Water, Butter (Butter Oil (Milk), Water, Salt), Salt, Buttermilk Powder (Milk), Emulsifier (471), Natural Flavour, Food Acid (270), Natural Colour (160a)), Wheat Gluten, Spices, Burnt Sugar, Emulsifiers [(322 (Soy), 471 from Palm**), Acidity Regulators (260, 262)], Natural Flavouring Blend (Natural Colour (161b)), Iodised Salt, Processing Aids (Wheat), Dark Malt Flour (Barley)], Cream Cheese Filling (15%) [Sugar, Vegetable Oils (Palm**, Rapeseed), Water, Cream Cheese Powder (Milk) (8%), Humectant (420), Acidity Regulator (330), Natural Flavouring, Salt, Emulsifiers (435, 471), Preservative (202), Natural Colours (160a)], Crossing [Water, Wheat Starch, Wheat Flour, Vegetable Oils (Palm**, Canola), Vegetable Emulsifier (471 from Palm**), Thickener (415 (Soy)), Salt], Glaze [Water, Vegetable Protein, Sunflower Oil, Dextrose, Maltodextrin, Maize Starch].
Allergen:
May Contain Pine, May Contain Walnut, May Contain EGG, May Contain Sulphites, Contains SOY, May Contain Macadamia Nuts, May Contain Cashew, May Contain Hazelnuts, May Contain Brazil Nuts, Contains MILK, May Contain Sesame, May Contain Lupin, May Contain Almonds, May Contain PEANUTS, Contains Gluten, May Contain Pistachios, Contains Wheat, May Contain Pecan
Servings Per Pack:
4.0
Storage Instructions:
Store in a cool, dry placernPreviously frozen, not suitable for freezing
Code: 5798321P
5 7 9 8 3 2 1 P
Customers also purchased
Sonoma Baking Indulgent Dark Chocolate Hot Cross Buns 4pack
Sonoma Baking Indulgent Dark Chocolate Hot Cross Buns 4pack
$5.50
$5.50 per 1Ea
Unit Price
Add
1
for $5.50

Sonoma Baking Indulgent Fruit And Spice Hot Cross Buns 4 pack
Sonoma Baking Indulgent Fruit And Spice Hot Cross Buns 4 pack
$5.50
$5.50 per 1Ea
Unit Price
Add
1
for $5.50

Coles Hot Cross Buns Special Burger Sauce 4 pack while stocks last product
Coles Hot Cross Buns Special Burger Sauce
4 pack while stocks last product
$5.00
4 pack $1.25 per 1Ea
Unit Price
Add
1
for $5.00

Coles Red Velvet Filled Hot Cross Buns 4 pack on special
Coles Red Velvet Filled Hot Cross Buns
4 pack on special
$5.00
save
$1.00
4 pack $1.25 per 1Ea
Unit Price
Add
1
for $5.00"	[]
Cadbury	Dairy Milk Easter Bunny	$ 5 .00	80g	$6.25 per 100G	"Nutrition Facts
Serving size: 1 serving = 25g
Qty
Quantity
per serving Qty
Quantity
per 100g / 100ml %
Percentage
daily intake*
Energy 568 kJ 2270 kJ 0
Energy Cal 0 0 0
Protein 1.9 g 7.7 g 0
Total Fat 7.9 g 31.5 g 0
Saturated Fat 4.9 g 19.7 g 0
Trans 0 0 0
Polyunsaturated 0 0 0
Mono Unsaturated 0 0 0
Carbohydrate 14 g 56.1 g 0
Sugars 13.7 g 54.8 g 0
Dietary Fibre Total 0 0 0
Sodium 20 mg 81 mg 0
*Percentage Daily Intake per serving. Percentage Daily Intakes are based on an average adult diet of 8700 kJ. Your daily intakes may be higher or lower depending on your energy needs.
Disclaimer:
Product details, including nutritional information and country of origin, may change from time to time and so the product you receive in your order may not reflect the information on this page. Please check the packaging on any product you purchase and if it's not what you expected, feel free to return it for a full refund.
Details
Ingredients:
INGREDIENTS: FULL CREAM MILK, SUGAR, COCOA BUTTER, COCOA MASS, MILK SOLIDS, EMULSIFIERS (SOY LECITHIN, 476), FLAVOURS.
Contains:
MILK CHOCOLATE CONTAINS COCOA SOLIDS 28%, MILK SOLIDS MINIMUM 24%.
Allergen:
May Be Present Tree Nuts, May Be Present Peanuts, Contains Soy, Contains Milk
Servings Per Pack:
3.2
Storage Instructions:
PLEASE STORE IN COOL, DRY CONDITIONS.
Size:
80g
Code: 2151620P
2 1 5 1 6 2 0 P"	['/wcsstore/Coles-CAS/images/2/1/5/2151620-th.jpg', '/wcsstore/Coles-CAS/images/2/1/5/2151620_L-th.jpg', '/wcsstore/Coles-CAS/images/2/1/5/2151620_R-th.jpg', '/wcsstore/Coles-CAS/images/2/1/5/2151620_B-th.jpg']
Cadbury	Easter Bunny	$ 5 .00	150g	$3.33 per 100G	"Nutrition Facts
Serving size: 1 serving = 25g
Qty
Quantity
per serving Qty
Quantity
per 100g / 100ml %
Percentage
daily intake*
Energy 568 kJ 2270 kJ 0
Energy Cal 0 0 0
Protein 1.9 g 7.7 g 0
Total Fat 7.9 g 31.5 g 0
Saturated Fat 4.9 g 19.7 g 0
Trans 0 0 0
Polyunsaturated 0 0 0
Mono Unsaturated 0 0 0
Carbohydrate 14 g 56.1 g 0
Sugars 13.7 g 54.8 g 0
Dietary Fibre Total 0 0 0
Sodium 20 mg 81 mg 0
*Percentage Daily Intake per serving. Percentage Daily Intakes are based on an average adult diet of 8700 kJ. Your daily intakes may be higher or lower depending on your energy needs.
Disclaimer:
Product details, including nutritional information and country of origin, may change from time to time and so the product you receive in your order may not reflect the information on this page. Please check the packaging on any product you purchase and if it's not what you expected, feel free to return it for a full refund.
Details
Country of Origin:
Made in Australia from Imported and Local Ingredients
Ingredients:
INGREDIENTS: FULL CREAM MILK, SUGAR, COCOA BUTTER, COCOA MASS, MILK SOLIDS, EMULSIFIERS (SOY LECITHIN, 476), FLAVOURS.
Contains:
MILK CHOCOLATE CONTAINS COCOA SOLIDS 28%, MILK SOLIDS MINIMUM 24%.
Allergen:
May Be Present Tree Nuts, May Be Present Peanuts, Contains Soy, Contains Milk
Servings Per Pack:
6.0
Storage Instructions:
PLEASE STORE IN COOL, DRY CONDITIONS.
Size:
150g
Code: 1113465P
1 1 1 3 4 6 5 P
Customers also purchased
Cadbury Dairy Milk Easter Bunny 250g on special
Cadbury Dairy Milk Easter Bunny
250g on special
$7.50
save
$2.50
250g $3.00 per 100G
Unit Price
Add
1
for $7.50

Lindt Bunny Flower Milk 100g on special
Lindt Bunny Flower Milk
100g on special
$6.30
save
$1.70
100g $6.30 per 100G
Unit Price
Add
1
for $6.30

Red Tulip Easter Rabbit 200g on special
Red Tulip Easter Rabbit
200g on special
buy 2 for $10.00
2 for
$ 10
regular price
$8.00 ea
each
200g $4.00 per 100G
Unit Price
Add
2
for $10.00"	[]
Kit Kat	Bunny	$ 1 .00	29g	$3.45 per 100G	"Nutrition Facts
Serving size: 1 serving = 29g
Qty
Quantity
per serving Qty
Quantity
per 100g / 100ml %
Percentage
daily intake*
Energy 650kJ 2230kJ 7%
Protein 2.1g 7.3g 4%
Total Fat 8.8g 30.2g 13%
Saturated Fat 4.7g 16.3g 20%
Carbohydrate 16.6g 57.3g 5%
Sugars 15.4g 53.1g 17%
Sodium 29mg 100mg 1%
*Percentage Daily Intake per serving. Percentage Daily Intakes are based on an average adult diet of 8700 kJ. Your daily intakes may be higher or lower depending on your energy needs.
Disclaimer:
Product details, including nutritional information and country of origin, may change from time to time and so the product you receive in your order may not reflect the information on this page. Please check the packaging on any product you purchase and if it's not what you expected, feel free to return it for a full refund.
Details
Country of Origin:
Made in Australia
Ingredients:
Sugar, Milk Solids, Vegetable Fat [Emulsifier (Soy Lecithin)], Cocoa Butter^, Cocoa Mass^, Wheat Flour, Rice Flour, Choc Paste (Milk, Wheat, Soy), Cocoa^, Emulsifiers (Soy Lecithin, 476), Raising Agent (Sodium Bicarbonate), Salt, Flavour, Yeast, Processing Aid (Wheat). Product contains 57% Milk chocolate, 39% Choc praline filling, 2% Wafer, 2% Cereal biscuit. Milk chocolate contains minimum 22% Cocoa solids, 25% Milk solids.
Contains:
Contains Milk, Wheat, Gluten, Soy. May contain Tree Nuts.
Allergen:
May Be Present Tree Nuts, Contains Gluten, Contains Soy, Contains Wheat, Contains Milk
Servings Per Pack:
1.0
Storage Instructions:
Store Cool and Dry
Usage Instructions:
1 Bar 29g
Size:
29g
Code: 3646173P
3 6 4 6 1 7 3 P
Customers also purchased
Kinder Figure Easter 6 Pack 90g on special twenty percent off
Kinder Figure Easter 6 Pack
90g on special twenty percent off
$4.00
save
$1.00
90g $4.44 per 100G
Unit Price
Add
1
for $4.00

Cadbury Humpty Easter Eggs Carton 150g on special
Cadbury Humpty Easter Eggs Carton
150g on special
buy any 2 for $10.00
Any 2
$ 10
regular price
$7.00 ea
each
150g $4.67 per 100G
Unit Price
Pick any 2 for $10.00 ...

Easter Milk Chocolate Hunt Bag 251g while stocks last product
Easter Milk Chocolate Hunt Bag
251g while stocks last product
$5.50
251g $2.19 per 100G
Unit Price
Add
1
for $5.50

Cadbury 10-Pack Easter Eggs Crate 170g on special
Cadbury 10-Pack Easter Eggs Crate
170g on special
buy 2 for $12.00
2 for
$ 12
regular price
$8.00 ea
each
170g $4.71 per 100G
Unit Price
Add
2
for $12.00"	[]
Maltesers	Milk Chocolate Easter Bunny	$ 1 .00	29g	$3.45 per 100G	"Nutrition Facts
Serving size: 1 serving = 29g
Qty
Quantity
per serving Qty
Quantity
per 100g / 100ml %
Percentage
daily intake*
Energy 729 kJ 2290 kJ 8%
Energy Cal
Not provided
Not provided
8%
Protein 2.2g 7.1g 4%
Total Fat 9.9g 31.1g 14%
Saturated Fat 5.6g 17.6g 23%
Carbohydrate 18.8g 59.1g 6%
Sugars 17.9g 56.2g 20%
Sodium 51mg 160mg 2%
*Percentage Daily Intake per serving. Percentage Daily Intakes are based on an average adult diet of 8700 kJ. Your daily intakes may be higher or lower depending on your energy needs.
Disclaimer:
Product details, including nutritional information and country of origin, may change from time to time and so the product you receive in your order may not reflect the information on this page. Please check the packaging on any product you purchase and if it's not what you expected, feel free to return it for a full refund.
Details
Ingredients:
SUGAR, MILK SOLIDS, VEGETABLE FAT, COCOA BUTTER, BARLEY MALT EXTRACT, COCOA MASS,GLUCOSE SYRUP (SOURCES INCLUDE WHEAT), EMULSIFIER (SOY LECITHIN), RAISING AGENTS (501, 500, 341), FLOUR (SOURCES INCLUDE WHEAT), SALT, WHEAT GLUTEN, NATURAL FLAVOUR (VANILLA EXTRACT). MILK CHOCOLATE CONTAINS A MINIMUM OF COCOA SOLIDS AND MILK SOLIDS.MAY BE PRESENT: EGG. GUARANTEE OF SATISFACTION: YOUR MALTESERS@ BUNNY CHOCOLATE IS MADE OF THE FINEST FOOD INGREDIENTS. IT SHOULD REACH YOU FRESH AND IN EXCELLENT CONDITION.
Allergen:
Contains Barley, Contains Gluten, Contains Soy, Contains Wheat, Contains Milk
Servings Per Pack:
1.0
Size:
29g
Code: 7978878P
7 9 7 8 8 7 8 P"	['/wcsstore/Coles-CAS/images/7/9/7/7978878-th.jpg', '/wcsstore/Coles-CAS/images/7/9/7/7978878_B-th.jpg']
Maltesers	Easter Chocolate Mini Bunnies & Eggs Share Bag	$ 6 .50	220g	$2.95 per 100G	"Nutrition Facts
Serving size: 1 serving = 25g
Qty
Quantity
per serving Qty
Quantity
per 100g / 100ml %
Percentage
daily intake*
Energy 563 kJ 2270 kJ 6%
Energy Cal
Not provided
Not provided
6%
Protein 1.7 g 7.0 g 3%
Total Fat 7.4 g 29.7 g 11%
Saturated Fat 4.4 g 17.7 g 18%
Carbohydrate 15.0 g 60.3 g 5%
Sugars 14.0 g 56.5 g 16%
Sodium 32 mg 130 mg 1%
*Percentage Daily Intake per serving. Percentage Daily Intakes are based on an average adult diet of 8700 kJ. Your daily intakes may be higher or lower depending on your energy needs.
Disclaimer:
Product details, including nutritional information and country of origin, may change from time to time and so the product you receive in your order may not reflect the information on this page. Please check the packaging on any product you purchase and if it's not what you expected, feel free to return it for a full refund.
Details
Ingredients:
SUGAR, MILK SOLIDS, COCOA BUTTER, COCOA MASS, VEGETABLE FAT, BARLEY MALT EXTRACT, GLUCOSE SYRUP (SOURCES INCLUDE WHEAT), EMULSIFIER (SOY LECITHIN), FLOUR (SOURCES INCLUDE WHEAT) RAISING AGENTS (341, 501, 500), WHEAT GLUTEN, SALT, NATURAL FLAVOUR (VANILLA EXTRACT). MILK CHOCOLATE CONTAINS A MINIMUM OF 24% COCOA SOLIDS AND 25% MILK SOLIDS. MAY BE PRESENT: TREE NUTS, EGG.
Contains:
A MALTESERS MINI BUNNY CONTAINS MILK CHOCOLATE 75% AND MALT INCLUSIONS 3%. A MALTESERS MINI EGG CONTAINS MILK CHOCOLATE 92% AND MALT INCLUSIONS 8%.
Allergen:
Contains Barley, Contains Gluten, Contains Soy, Contains Wheat, Contains Milk
Servings Per Pack:
9.0
Size:
220g
Code: 3946519P
3 9 4 6 5 1 9 P"	['/wcsstore/Coles-CAS/images/3/9/4/3946519-th.jpg', '/wcsstore/Coles-CAS/images/3/9/4/3946519_B-th.jpg']
Cadbury	Dairy Milk Easter Bunny	$ 7 .50	250g	$3.00 per 100G	"Nutrition Facts
Serving size: 1 serving = 25g
Qty
Quantity
per serving Qty
Quantity
per 100g / 100ml %
Percentage
daily intake*
Energy 568 kJ 2270 kJ 0
Energy Cal 0 0 0
Protein 1.9 g 7.7 g 0
Total Fat 7.9 g 31.5 g 0
Saturated Fat 4.9 g 19.7 g 0
Trans 0 0 0
Polyunsaturated 0 0 0
Mono Unsaturated 0 0 0
Carbohydrate 14 g 56.1 g 0
Sugars 13.7 g 54.8 g 0
Dietary Fibre Total 0 0 0
Sodium 20 mg 81 mg 0
*Percentage Daily Intake per serving. Percentage Daily Intakes are based on an average adult diet of 8700 kJ. Your daily intakes may be higher or lower depending on your energy needs.
Disclaimer:
Product details, including nutritional information and country of origin, may change from time to time and so the product you receive in your order may not reflect the information on this page. Please check the packaging on any product you purchase and if it's not what you expected, feel free to return it for a full refund.
Details
Country of Origin:
Made in Australia from Imported and Local Ingredients
Ingredients:
INGREDIENTS: FULL CREAM MILK, SUGAR, COCOA BUTTER, COCOA MASS, MILK SOLIDS, EMULSIFIERS (SOY LECITHIN, 476), FLAVOURS.
Contains:
MILK CHOCOLATE CONTAINS COCOA SOLIDS 28%, MILK SOLIDS MINIMUM 24%.
Allergen:
May Be Present Tree Nuts, May Be Present Peanuts, Contains Soy, Contains Milk
Servings Per Pack:
10.0
Storage Instructions:
PLEASE STORE IN COOL, DRY CONDITIONS.
Size:
250g
Code: 5530974P
5 5 3 0 9 7 4 P
Customers also purchased
Lindt Gold Bunny Milk 200g on special
Lindt Gold Bunny Milk
200g on special
$10.00
save
$4.00
200g $5.00 per 100G
Unit Price
Add
1
for $10.00

Cadbury Easter Bunny 150g on special
Cadbury Easter Bunny
150g on special
$5.00
save
$1.70
150g $3.33 per 100G
Unit Price
Add
1
for $5.00

Darrell Lea Rocklea Road Egg 120g on special
Darrell Lea Rocklea Road Egg
120g on special
$3.50
save
$1.00
120g $2.92 per 100G
Unit Price
Add
1
for $3.50

Red Tulip Easter Rabbit 200g on special
Red Tulip Easter Rabbit
200g on special
buy 2 for $10.00
2 for
$ 10
regular price
$8.00 ea
each
200g $4.00 per 100G
Unit Price
Add
2
for $10.00"	[]
Cadbury	Crunchie Easter Bunny	$ 5 .00	170g	$2.94 per 100G	"Nutrition Facts
Serving size: 1 serving = 25g
Qty
Quantity
per serving Qty
Quantity
per 100g / 100ml %
Percentage
daily intake*
Energy 545 kJ 2180 kJ 0
Energy Cal 0 0 0
Protein 0 g 2.5 g 0
Total Fat 6.8 g 27.2 g 0
Saturated Fat 4.3 g 17.2 g 0
Trans 0 0 0
Polyunsaturated 0 0 0
Mono Unsaturated 0 0 0
Carbohydrate 16.4 g 65.4 g 0
Sugars 15.7 g 62.9 g 0
Dietary Fibre Total 0 0 0
Sodium 23 mg 91 mg 0
*Percentage Daily Intake per serving. Percentage Daily Intakes are based on an average adult diet of 8700 kJ. Your daily intakes may be higher or lower depending on your energy needs.
Disclaimer:
Product details, including nutritional information and country of origin, may change from time to time and so the product you receive in your order may not reflect the information on this page. Please check the packaging on any product you purchase and if it's not what you expected, feel free to return it for a full refund.
Details
Ingredients:
PRODUCT CONTAINS MILK CHOCOLATE (94%), CRUNCHIE PIECES (6%).INGREDIENTS: SUGAR, MILK SOLIDS, COCOA BUTTER, COCOA MASS, CRUNCHIE PIECES (SUGAR, GLUCOSE SYRUP, RAISING AGENT (500), HYDROLYSED MILK PROTEIN), EMULSIFIERS (SOY LECITHIN, 476), FLAVOURS.
Contains:
MILK CHOCOLATE CONTAINS COCOA SOLIDS 26%, MILK SOLIDS 23%.
Allergen:
May Be Present Tree Nuts, May Be Present Peanuts, May Be Present Wheat, May Be Present Gluten, Contains Soy, Contains Milk
Servings Per Pack:
6.8
Storage Instructions:
PLEASE STORE IN COOL, DRY CONDITIONS.
Size:
170g
Code: 8219883P
8 2 1 9 8 8 3 P
Customers also purchased
Lindt Bunny Gold Milk 100g on special
Lindt Bunny Gold Milk
100g on special
$6.30
save
$1.70
100g $6.30 per 100G
Unit Price
Add
1
for $6.30"	['/wcsstore/Coles-CAS/images/8/2/1/8219883-th.jpg', '/wcsstore/Coles-CAS/images/8/2/1/8219883_L-th.jpg', '/wcsstore/Coles-CAS/images/8/2/1/8219883_R-th.jpg', '/wcsstore/Coles-CAS/images/8/2/1/8219883_B-th.jpg']
Kit Kat	Chocolate Mini Pouch Bunny Share Pack	$ 2 .50	66g	$3.79 per 100G	"Nutrition Facts
Serving size: 1 serving = 11 g
Qty
Quantity
per serving Qty
Quantity
per 100g / 100ml %
Percentage
daily intake*
Energy 250 kJ 2240 kJ 3%
Protein 1 g 6.2 g 1%
Total Fat 6.9g 31.4 g 5%
Saturated Fat 1.9 g 17.3 g 8%
Carbohydrate 6.1 g 55.6 g 2%
Sugars 5.5 g 50.4 g 6%
Sodium 11 mg 100 mg 1%
*Percentage Daily Intake per serving. Percentage Daily Intakes are based on an average adult diet of 8700 kJ. Your daily intakes may be higher or lower depending on your energy needs.
Disclaimer:
Product details, including nutritional information and country of origin, may change from time to time and so the product you receive in your order may not reflect the information on this page. Please check the packaging on any product you purchase and if it's not what you expected, feel free to return it for a full refund.
Details
Country of Origin:
Made in Italy
Ingredients:
Milk Chocolate Shell (53%) With Cereal and Wafer Pieces (6%) in A Chocolatey Filling. Ingredients: Sugar, Milk Solids, Vegetable Fats, Cocoa Butter^, Cocoa Mass^, Cereal and Wafer Pieces (6%) [Rice Flour, Sugar, Potato Starch, Vegetable Oil, Corn Starch, Raising Agent (Sodium Bicarbonate), Salt, Whey Protein Concentrate ( Milk ), Flavours, Bamboo Fibre, Emulsifier (Sunflower Lecithin)], Cocoa^, Emulsifier (Sunflower Lecithin). Contains Milk. May Contain Tree Nuts. Milk Chocolate Contains Minimum 31% Cocoa Solids and 24% Milk Solids. ^Rainforest Alliance Certified Cocoa. Find Out More at Ra.Org.
Contains:
Contains Milk. May contain Tree Nuts.
Allergen:
May Be Present Nuts, Contains Milk
Servings Per Pack:
6.0
Storage Instructions:
Store Cool and Dry.
Size:
66 g
Code: 3947090P
3 9 4 7 0 9 0 P
Customers also purchased
Nestle Kit Kat Milk Mini Eggs 110g on special
Nestle Kit Kat Milk Mini Eggs
110g on special
buy any 2 for $7.00
Any 2
$ 7
regular price
$4.50 ea
each
110g $4.09 per 100G
Unit Price
Pick any 2 for $7.00 ...

Cadbury Caramilk Easter Eggs Bag 235g on special
Cadbury Caramilk Easter Eggs Bag
235g on special
$6.00
save
$3.00
235g $2.55 per 100G
Unit Price
Add
1
for $6.00

Lindt Lindor Mini Eggs Value Bag 390g on special
Lindt Lindor Mini Eggs Value Bag
390g on special
buy any 2 for $24.00
Any 2
$ 24
regular price
$24.00 ea
each
390g $6.15 per 100G
Unit Price
Pick any 2 for $24.00 ...

Nestle Milkybar Mini Eggs 110g on special
Nestle Milkybar Mini Eggs
110g on special
buy any 2 for $7.00
Any 2
$ 7
regular price
$4.50 ea
each
110g $4.09 per 100G
Unit Price
Pick any 2 for $7.00 ..."	[]
Lindt	Gold Bunny Milk	$ 10 .00	200g	$5.00 per 100G	"Nutrition Facts
Serving size: 1 serving = 25g
Qty
Quantity
per serving Qty
Quantity
per 100g / 100ml %
Percentage
daily intake*
Energy 569kJ 2280kJ
Not provided
Protein 1.9g 7.4g
Not provided
Total Fat 8.0g 32.0g
Not provided
Saturated Fat 5.0g 20.0g
Not provided
Carbohydrate 14.0g 56.0g
Not provided
Sugars 13.8g 55.0g
Not provided
Sodium 20mg 80mg
Not provided
*Percentage Daily Intake per serving. Percentage Daily Intakes are based on an average adult diet of 8700 kJ. Your daily intakes may be higher or lower depending on your energy needs.
Disclaimer:
Product details, including nutritional information and country of origin, may change from time to time and so the product you receive in your order may not reflect the information on this page. Please check the packaging on any product you purchase and if it's not what you expected, feel free to return it for a full refund.
Details
Ingredients:
Sugar, Cocoa Butter, Whole Milk Powder, Cocoa Mass, Lactose, Skim Milk Powder, Emulsifier (Soy Lecithin), Barley Malt Extract, Flavouring.
Contains:
Milk Chocolate contains: Cocoa Solids 30% min., Milk Solids 18% min.
Allergen:
May Be Present Tree Nuts
Servings Per Pack:
2.0
Storage Instructions:
Store in a cool dry place.
Size:
200g
Warning:
Bells and ribbons are for decorative purposes and are not toys.
Code: 4898604P
4 8 9 8 6 0 4 P
Customers also purchased
Cadbury Dairy Milk Easter Bunny 250g on special
Cadbury Dairy Milk Easter Bunny
250g on special
$7.50
save
$2.50
250g $3.00 per 100G
Unit Price
Add
1
for $7.50

Ferrero Rocher Milk Chocolate And Hazelnut Hollow Squirrel 90g on special
Ferrero Rocher Milk Chocolate And Hazelnut Hollow Squirrel
90g on special
$5.00
save
$1.50
90g $5.56 per 100G
Unit Price
Add
1
for $5.00

Lindt Bunny Flower Milk 200g on special
Lindt Bunny Flower Milk
200g on special
$10.00
save
$4.00
200g $5.00 per 100G
Unit Price
Add
1
for $10.00

Lindt Gold Bunny Dark 200g on special
Lindt Gold Bunny Dark
200g on special
$10.00
save
$4.00
200g $5.00 per 100G
Unit Price
Add
1
for $10.00"	['/wcsstore/Coles-CAS/images/4/8/9/4898604-th.jpg', '/wcsstore/Coles-CAS/images/4/8/9/4898604_B-th.jpg']
Lindt	Bunny Flower Milk	$ 6 .30	100g	$6.30 per 100G	"Nutrition Facts
Serving size: 1 serving = 25g
Qty
Quantity
per serving Qty
Quantity
per 100g / 100ml %
Percentage
daily intake*
Energy 569kJ 2280kJ
Not provided
Protein 1.9g 7.4g
Not provided
Total Fat 8.0g 32.0g
Not provided
Saturated Fat 5.0g 20.0g
Not provided
Carbohydrate 14.0g 56.0g
Not provided
Sugars 13.8g 55.0g
Not provided
Sodium 20mg 80mg
Not provided
*Percentage Daily Intake per serving. Percentage Daily Intakes are based on an average adult diet of 8700 kJ. Your daily intakes may be higher or lower depending on your energy needs.
Disclaimer:
Product details, including nutritional information and country of origin, may change from time to time and so the product you receive in your order may not reflect the information on this page. Please check the packaging on any product you purchase and if it's not what you expected, feel free to return it for a full refund.
Details
Ingredients:
Sugar, Cocoa Butter, Whole Milk Powder, Cocoa Mass, Lactose, Skim Milk Powder, Emulsifier (Soy Lecithin), Barley Malt Extract, Flavouring.
Contains:
Milk Chocolate contains: Cocoa Solids 30% min., Milk Solids 18% min.
Allergen:
May Be Present Tree Nuts
Servings Per Pack:
4.0
Storage Instructions:
Store in a cool and dry place.
Size:
100g
Warning:
Bells and ribbons are for decorative purposes and are not toys.
Code: 3136723P
3 1 3 6 7 2 3 P
Customers also purchased
Lindt Gold Bunny Hazelnut Chocolate 100g on special
Lindt Gold Bunny Hazelnut Chocolate
100g on special
$6.30
save
$1.70
100g $6.30 per 100G
Unit Price
Add
1
for $6.30

Darrell Lea Rocklea Road Bunny 170g on special
Darrell Lea Rocklea Road Bunny
170g on special
$5.00
save
$1.50
170g $2.94 per 100G
Unit Price
Add
1
for $5.00

Lindt Gold Bunny Dark 100g on special
Lindt Gold Bunny Dark
100g on special
$6.30
save
$1.70
100g $6.30 per 100G
Unit Price
Add
1
for $6.30

Lindt Gold Bunny White 100g on special
Lindt Gold Bunny White
100g on special
$6.30
save
$1.70
100g $6.30 per 100G
Unit Price
Add
1
for $6.30"	['/wcsstore/Coles-CAS/images/3/1/3/3136723-th.jpg', '/wcsstore/Coles-CAS/images/3/1/3/3136723_L-th.jpg', '/wcsstore/Coles-CAS/images/3/1/3/3136723_B-th.jpg']
Lindt	Gold Bunny White	$ 6 .30	100g	$6.30 per 100G	"Nutrition Facts
Serving size: 1 serving = 25g
Qty
Quantity
per serving Qty
Quantity
per 100g / 100ml %
Percentage
daily intake*
Energy 597kJ 2390kJ
Not provided
Protein 1.8g 7.0g
Not provided
Total Fat 9.0g 36.0g
Not provided
Saturated Fat 5.5g 22.0g
Not provided
Carbohydrate 13.8g 55.0g
Not provided
Sugars 13.8g 55.0g
Not provided
Sodium 25mg 180mg
Not provided
*Percentage Daily Intake per serving. Percentage Daily Intakes are based on an average adult diet of 8700 kJ. Your daily intakes may be higher or lower depending on your energy needs.
Disclaimer:
Product details, including nutritional information and country of origin, may change from time to time and so the product you receive in your order may not reflect the information on this page. Please check the packaging on any product you purchase and if it's not what you expected, feel free to return it for a full refund.
Details
Ingredients:
Sugar, Cocoa Butter, Whole Milk Powder, Skim Milk Powder, Emulsifier (Soy Lecithin), Flavouring.
Contains:
White Chocolate contains: Cocoa Solids 20% min.
Allergen:
May Be Present Tree Nuts
Servings Per Pack:
4.0
Storage Instructions:
Store in a cool and dry place.
Size:
100g
Warning:
Bells and ribbons are for decorative purposes and are not toys.
Code: 9401190P
9 4 0 1 1 9 0 P
Customers also purchased
Lindt Gold Bunny Hazelnut Chocolate 100g on special
Lindt Gold Bunny Hazelnut Chocolate
100g on special
$6.30
save
$1.70
100g $6.30 per 100G
Unit Price
Add
1
for $6.30

Ferrero Rocher Milk Chocolate And Hazelnut Hollow Squirrel 90g on special
Ferrero Rocher Milk Chocolate And Hazelnut Hollow Squirrel
90g on special
$5.00
save
$1.50
90g $5.56 per 100G
Unit Price
Add
1
for $5.00

Lindt Bunny Flower Milk 100g on special
Lindt Bunny Flower Milk
100g on special
$6.30
save
$1.70
100g $6.30 per 100G
Unit Price
Add
1
for $6.30

Lindt Gold Bunny Dark 100g on special
Lindt Gold Bunny Dark
100g on special
$6.30
save
$1.70
100g $6.30 per 100G
Unit Price
Add
1
for $6.30"	['/wcsstore/Coles-CAS/images/9/4/0/9401190-th.jpg', '/wcsstore/Coles-CAS/images/9/4/0/9401190_B-th.jpg']
Sweet William	Easter Bunnies 12 Pack	$ 6 .80	155g	$4.39 per 100G	"Nutrition Facts
Serving size: 1 serving = 13g
Qty
Quantity
per serving Qty
Quantity
per 100g / 100ml %
Percentage
daily intake*
Energy 296kJ 2280kJ
Not provided
Protein 1.1g 8.2g
Not provided
Total Fat 4.4g 33.5g
Not provided
Saturated Fat 2.4g 18.2g
Not provided
Carbohydrate 6.3g 48.1g
Not provided
Sugars 5.2g 39.8g
Not provided
Sodium 2mg 12mg
Not provided
*Percentage Daily Intake per serving. Percentage Daily Intakes are based on an average adult diet of 8700 kJ. Your daily intakes may be higher or lower depending on your energy needs.
Disclaimer:
Product details, including nutritional information and country of origin, may change from time to time and so the product you receive in your order may not reflect the information on this page. Please check the packaging on any product you purchase and if it's not what you expected, feel free to return it for a full refund.
Details
Ingredients:
Raw Cane Sugar, Cocoa Butter (Non-Dairy), Soy Flour, Cocoa Mass, Maize Maltodextrin, Cocoa Powder, Chicory Fibre, Emulsifiers (Sunflower Lecithin, E476), Natural Flavours.
Allergen:
Contains Soybean, Free From Tree Nuts, Free From Milk, Free From Gluten, Free From Egg, Free From Peanuts, Free From Cereals
Dietary:
No Preservatives, No Artificial Flavours or Colours
Servings Per Pack:
12.0
Storage Instructions:
Store between 16 to 20 degrees away from direct sunlight
Suitable for:
For those with food allergies or intolerance or those following a vegan diet or healthier lifestyle
Dimensions:
183 x 155 x 50mm
Size:
155g
Code: 7415070P
7 4 1 5 0 7 0 P
Customers also purchased
Cadbury Crunchie Easter Eggs Bag 110g on special
Cadbury Crunchie Easter Eggs Bag
110g on special
$3.00
save
$2.00
110g $2.73 per 100G
Unit Price
Add
1
for $3.00

Cadbury Dairy Milk Easter Eggs Bag 243g on special
Cadbury Dairy Milk Easter Eggs Bag
243g on special
$6.00
save
$3.00
243g $2.47 per 100G
Unit Price
Add
1
for $6.00

Cadbury Selections Easter Eggs Bag 230g on special
Cadbury Selections Easter Eggs Bag
230g on special
$6.00
save
$3.00
230g $2.61 per 100G
Unit Price
Add
1
for $6.00"	[]
Lindt	Gold Bunny Hazelnut Chocolate	$ 6 .30	100g	$6.30 per 100G	"Nutrition Facts
Serving size: 1 serving = 25g
Qty
Quantity
per serving Qty
Quantity
per 100g / 100ml %
Percentage
daily intake*
Energy 636kJ 2550kJ
Not provided
Protein 2.4g 9.5g
Not provided
Total Fat 10.8g 43.0g
Not provided
Saturated Fat 4.8g 19.0g
Not provided
Carbohydrate 11.2g 45.0g
Not provided
Sugars 10.2g 41.0g
Not provided
Sodium 16mg 64mg
Not provided
*Percentage Daily Intake per serving. Percentage Daily Intakes are based on an average adult diet of 8700 kJ. Your daily intakes may be higher or lower depending on your energy needs.
Disclaimer:
Product details, including nutritional information and country of origin, may change from time to time and so the product you receive in your order may not reflect the information on this page. Please check the packaging on any product you purchase and if it's not what you expected, feel free to return it for a full refund.
Details
Ingredients:
Sugar, Cocoa Butter, Hazelnuts (20%), Whole Milk Powder, Cocoa Mass, Lactose, Skim Milk, Powder, Emulsifier (Soy Lecithin), Barley Malt Extract, Flavouring.
Contains:
Milk Chocolate contains: Cocoa Solids 30% min. Milk Solids 18% min.
Allergen:
May Be Present Tree Nuts
Servings Per Pack:
4.0
Storage Instructions:
Store in a cool and dry place.
Size:
100g
Warning:
Bells and ribbons are for decorative purposes and are not toys.
Code: 2134380P
2 1 3 4 3 8 0 P
Customers also purchased
Lindt Bunny Flower Milk 100g on special
Lindt Bunny Flower Milk
100g on special
$6.30
save
$1.70
100g $6.30 per 100G
Unit Price
Add
1
for $6.30

Lindt Gold Bunny Dark 100g on special
Lindt Gold Bunny Dark
100g on special
$6.30
save
$1.70
100g $6.30 per 100G
Unit Price
Add
1
for $6.30

Lindt Bunny Flower Milk 200g on special
Lindt Bunny Flower Milk
200g on special
$10.00
save
$4.00
200g $5.00 per 100G
Unit Price
Add
1
for $10.00

Lindt Gold Bunny White 100g on special
Lindt Gold Bunny White
100g on special
$6.30
save
$1.70
100g $6.30 per 100G
Unit Price
Add
1
for $6.30"	['/wcsstore/Coles-CAS/images/2/1/3/2134380-th.jpg', '/wcsstore/Coles-CAS/images/2/1/3/2134380_B-th.jpg']
Violet Crumble	Bunny	$ 1 .00	30g	$3.33 per 100G	"Nutrition Facts
Qty
Quantity
per serving Qty
Quantity
per 100g / 100ml %
Percentage
daily intake*
Energy 630kJ 2100kJ 7%
Protein 1.8g 5.9g 4%
Total Fat 8.8g 29.2g 13%
Saturated Fat 5.5g 18.4g 23%
Carbohydrate 17.3g 57.8g 6%
Sugars 16.5g 55g 18%
Sodium 44mg 147mg 2%
*Percentage Daily Intake per serving. Percentage Daily Intakes are based on an average adult diet of 8700 kJ. Your daily intakes may be higher or lower depending on your energy needs.
Disclaimer:
Product details, including nutritional information and country of origin, may change from time to time and so the product you receive in your order may not reflect the information on this page. Please check the packaging on any product you purchase and if it's not what you expected, feel free to return it for a full refund.
Details
Country of Origin:
Made in Australia
Ingredients:
Milk Chocolate (90%*) (Sugar, Cocoa Solids (26%*) (Cocoa Butter, Cocoa Mass**), Milk Solids (25%*), Vegetable Oil, Emulsifiers (Soy Lecithin, 476), Natural Flavour), Honeycomb (10%*) Sugar, Glucose Syrup, Raising Agent (Sodium Bicarbonate), Gelatine, Maize Starch, * Average percentages, **Contributes to the production of sustainable Cocoa
Dimensions:
122 x 51 x 11mm
Usage Instructions:
Servings per package: 1, Serving size: 30 g
Size:
30g
Code: 3644101P
3 6 4 4 1 0 1 P"	['/wcsstore/Coles-CAS/images/3/6/4/3644101-th.jpg', '/wcsstore/Coles-CAS/images/3/6/4/3644101_B-th.jpg']
Cadbury	Clinker Easter Bunny Sharepack	$ 6 .00	180g	$3.33 per 100G	"Nutrition Facts
Serving size: 1 serving = 30g
Qty
Quantity
per serving Qty
Quantity
per 100g / 100ml %
Percentage
daily intake*
Energy 663 kJ 2210 kJ 0
Energy Cal 0 0 0
Protein 2.2 g 7.2 g 0
Total Fat 8.6 g 28.8 g 0
Saturated Fat 5.2 g 17.3 g 0
Trans 0 0 0
Polyunsaturated 0 0 0
Mono Unsaturated 0 0 0
Carbohydrate 17.7 g 59.2 g 0
Sugars 17.1 g 57.1 g 0
Dietary Fibre Total 0 0 0
Sodium 24 mg 81 mg 0
*Percentage Daily Intake per serving. Percentage Daily Intakes are based on an average adult diet of 8700 kJ. Your daily intakes may be higher or lower depending on your energy needs.
Disclaimer:
Product details, including nutritional information and country of origin, may change from time to time and so the product you receive in your order may not reflect the information on this page. Please check the packaging on any product you purchase and if it's not what you expected, feel free to return it for a full refund.
Details
Country of Origin:
Made in Australia
Ingredients:
PRODUCT CONTAINS MILK CHOCOLATE (95%), CLINKERS CANDY PIECES (5%).INGREDIENTS: FULL CREAM MILK, SUGAR, COCOA BUTTER, COCOA MASS, MILK SOLIDS, CLINKERS CANDY PIECES (SUGAR, GLUCOSE SYRUP, GELATINE, STARCH (FROM WHEAT, MAIZE, TAPIOCA), SPIRULINA, FLAVOUR, COLOURS (100, 120)), EMULSIFIERS (SOY LECITHIN, 476), FLAVOURS.
Contains:
MILK CHOCOLATE CONTAINS COCOA SOLIDS 27%, MILK SOLIDS MINIMUM 24%.
Allergen:
May Be Present Tree Nuts, May Be Present Peanuts, Contains Gluten, Contains Soy, Contains Wheat, Contains Milk
Servings Per Pack:
6.0
Storage Instructions:
PLEASE STORE IN COOL, DRY CONDITIONS.
Size:
180g
Code: 4699801P
4 6 9 9 8 0 1 P"	['/wcsstore/Coles-CAS/images/4/6/9/4699801-th.jpg', '/wcsstore/Coles-CAS/images/4/6/9/4699801_B-th.jpg']
Lindt	Bunny Gold Milk	$ 6 .30	100g	$6.30 per 100G	"Nutrition Facts
Serving size: 1 serving = 25g
Qty
Quantity
per serving Qty
Quantity
per 100g / 100ml %
Percentage
daily intake*
Energy 569kJ 2280kJ
Not provided
Protein 1.9g 7.4g
Not provided
Total Fat 8.0g 32.0g
Not provided
Saturated Fat 5.0g 20.0g
Not provided
Carbohydrate 14.0g 56.0g
Not provided
Sugars 13.8g 55.0g
Not provided
Sodium 20mg 80mg
Not provided
*Percentage Daily Intake per serving. Percentage Daily Intakes are based on an average adult diet of 8700 kJ. Your daily intakes may be higher or lower depending on your energy needs.
Disclaimer:
Product details, including nutritional information and country of origin, may change from time to time and so the product you receive in your order may not reflect the information on this page. Please check the packaging on any product you purchase and if it's not what you expected, feel free to return it for a full refund.
Details
Ingredients:
Sugar, Cocoa Butter, Whole Milk Powder, Cocoa Mass, Lactose, Skim Milk Powder, Emulsifier (Soy Lecithin), Barley Malt Extract, Flavouring.
Contains:
Milk Chocolate contains: Cocoa Solids 30% min., Milk Solids 18% min.
Allergen:
May Be Present Tree Nuts
Servings Per Pack:
4.0
Storage Instructions:
Store in a cool and dry place.
Size:
100g
Warning:
Bells and ribbons are for decorative purposes and are not toys.
Code: 8477040P
8 4 7 7 0 4 0 P
Customers also purchased
Cadbury Crunchie Easter Bunny 170g on special
Cadbury Crunchie Easter Bunny
170g on special
$5.00
save
$1.70
170g $2.94 per 100G
Unit Price
Add
1
for $5.00"	['/wcsstore/Coles-CAS/images/8/4/7/8477040-th.jpg', '/wcsstore/Coles-CAS/images/8/4/7/8477040_B-th.jpg']
Darrell Lea	Rocklea Road Bunny	$ 5 .00	170g	$2.94 per 100G	"Disclaimer:
Product details, including nutritional information and country of origin, may change from time to time and so the product you receive in your order may not reflect the information on this page. Please check the packaging on any product you purchase and if it's not what you expected, feel free to return it for a full refund.
Details
Country of Origin:
Made in Australia
Dimensions:
205 x 75 x 60mm
Code: 3649320P
3 6 4 9 3 2 0 P"	[]
Kinder	Chocolate Easter Bunnies 3 Pack	$ 2 .20	45g	$4.89 per 100G	"Disclaimer:
Product details, including nutritional information and country of origin, may change from time to time and so the product you receive in your order may not reflect the information on this page. Please check the packaging on any product you purchase and if it's not what you expected, feel free to return it for a full refund.
Details
Country of Origin:
Made in Poland
Code: 8805864P
8 8 0 5 8 6 4 P
Customers also purchased
Easter Milk Chocolate Coins 100g while stocks last product
Easter Milk Chocolate Coins
100g while stocks last product
$2.00
100g $2.00 per 100G
Unit Price
Add
1
for $2.00

Easter Belgian Milk Choc Pops 30g while stocks last product
Easter Belgian Milk Choc Pops
30g while stocks last product
$2.80
30g $9.33 per 100G
Unit Price
Add
1
for $2.80

Cadbury Easter Crme Egg 40g on special
Cadbury Easter Crme Egg
40g on special
buy any 2 for $3.00
Any 2
$ 3
regular price
$2.00 ea
each
40g $5.00 per 100G
Unit Price
Pick any 2 for $3.00 ...

Cadbury Mini Eggs Easter Flip Top 41.5g on special
Cadbury Mini Eggs Easter Flip Top
41.5g on special
buy any 2 for $3.00
Any 2
$ 3
regular price
$2.00 ea
each
41.5g $4.82 per 100G
Unit Price
Pick any 2 for $3.00 ..."	[]
Lindt	Bunny Flower Milk	$ 10 .00	200g	$5.00 per 100G	"Nutrition Facts
Serving size: 1 serving = 25g
Qty
Quantity
per serving Qty
Quantity
per 100g / 100ml %
Percentage
daily intake*
Energy 569kJ 2280kJ
Not provided
Protein 1.9g 7.4g
Not provided
Total Fat 8.0g 32.0g
Not provided
Saturated Fat 5.0g 20.0g
Not provided
Carbohydrate 14.0g 56.0g
Not provided
Sugars 13.8g 55.0g
Not provided
Sodium 20mg 80mg
Not provided
*Percentage Daily Intake per serving. Percentage Daily Intakes are based on an average adult diet of 8700 kJ. Your daily intakes may be higher or lower depending on your energy needs.
Disclaimer:
Product details, including nutritional information and country of origin, may change from time to time and so the product you receive in your order may not reflect the information on this page. Please check the packaging on any product you purchase and if it's not what you expected, feel free to return it for a full refund.
Details
Ingredients:
Sugar, Cocoa Butter, Whole Milk Powder, Cocoa Mass, Lactose, Skim Milk Powder, Emulsifier (Soy Lecithin), Barley Malt Extract, Flavouring.
Contains:
Cocoa solids 30% min., milk solids 18% min.
Allergen:
May Be Present Tree Nuts
Servings Per Pack:
8.0
Storage Instructions:
Store in a cool and dry place.
Size:
200g
Warning:
Bells and ribbons are for decorative purposes and are not toys.
Code: 3136734P
3 1 3 6 7 3 4 P
Customers also purchased
Lindt Gold Bunny Hazelnut Chocolate 100g on special
Lindt Gold Bunny Hazelnut Chocolate
100g on special
$6.30
save
$1.70
100g $6.30 per 100G
Unit Price
Add
1
for $6.30

Lindt Gold Bunny Milk 200g on special
Lindt Gold Bunny Milk
200g on special
$10.00
save
$4.00
200g $5.00 per 100G
Unit Price
Add
1
for $10.00

Lindt Bunny Flower Milk 100g on special
Lindt Bunny Flower Milk
100g on special
$6.30
save
$1.70
100g $6.30 per 100G
Unit Price
Add
1
for $6.30

Lindt Gold Bunny Dark 200g on special
Lindt Gold Bunny Dark
200g on special
$10.00
save
$4.00
200g $5.00 per 100G
Unit Price
Add
1
for $10.00"	['/wcsstore/Coles-CAS/images/3/1/3/3136734-th.jpg', '/wcsstore/Coles-CAS/images/3/1/3/3136734_R-th.jpg', '/wcsstore/Coles-CAS/images/3/1/3/3136734_B-th.jpg']
Kinder	Surprise Chocolate Easter Bunny Blue	$ 4 .00	75g	$5.33 per 100G	"Disclaimer:
Product details, including nutritional information and country of origin, may change from time to time and so the product you receive in your order may not reflect the information on this page. Please check the packaging on any product you purchase and if it's not what you expected, feel free to return it for a full refund.
Details
Country of Origin:
Made in Poland
Code: 1651478P
1 6 5 1 4 7 8 P
Customers also purchased
Kinder Chicks 35g on special twenty five percent off
Kinder Chicks
35g on special twenty five percent off
$1.50
save
$0.50
35g $4.29 per 100G
Unit Price
Add
1
for $1.50

Kinder Surprise Chocolate Easter Bunny Pink 75g on special twenty percent off
Kinder Surprise Chocolate Easter Bunny Pink
75g on special twenty percent off
$4.00
save
$1.00
75g $5.33 per 100G
Unit Price
Add
1
for $4.00

Cadbury Easter Bunny 150g on special
Cadbury Easter Bunny
150g on special
$5.00
save
$1.70
150g $3.33 per 100G
Unit Price
Add
1
for $5.00

Darrell Lea Fruit Tingles Smiling Bunny 170g on special
Darrell Lea Fruit Tingles Smiling Bunny
170g on special
$5.00
save
$1.50
170g $2.94 per 100G
Unit Price
Add
1
for $5.00"	[]
Lindt	Gold Bunny Dark	$ 6 .30	100g	$6.30 per 100G	"Nutrition Facts
Serving size: 1 serving = 25g
Qty
Quantity
per serving Qty
Quantity
per 100g / 100ml %
Percentage
daily intake*
Energy 582kJ 2330kJ
Not provided
Protein 2.0g 7.9g
Not provided
Total Fat 9.8g 39.0g
Not provided
Saturated Fat 6.0g 24.0g
Not provided
Carbohydrate 9.8g 39.0g
Not provided
Sugars 8.8g 35.0g
Not provided
Sodium 4mg 16mg
Not provided
*Percentage Daily Intake per serving. Percentage Daily Intakes are based on an average adult diet of 8700 kJ. Your daily intakes may be higher or lower depending on your energy needs.
Disclaimer:
Product details, including nutritional information and country of origin, may change from time to time and so the product you receive in your order may not reflect the information on this page. Please check the packaging on any product you purchase and if it's not what you expected, feel free to return it for a full refund.
Details
Country of Origin:
Manufactured in Germany
Ingredients:
Cocoa Mass, Sugar, Cocoa Butter, Emulsifier (Soya Lecithin), Flavouring.
Contains:
Dark Chocolate contains: Cocoa Solids 60% min.
Allergen:
May Be Present Hazelnuts, May Be Present Milk, May Be Present Tree Nuts
Servings Per Pack:
4.0
Storage Instructions:
Store in a cool and dry place.
Size:
100g
Warning:
Quality Guarantee Chocoladefabriken Lindt & Sprngli AG Kilchberg / Switzerland Bells and ribbons are for decorative purposes and are not toys.
Code: 9635216P
9 6 3 5 2 1 6 P
Customers also purchased
Lindt Gold Bunny Hazelnut Chocolate 100g on special
Lindt Gold Bunny Hazelnut Chocolate
100g on special
$6.30
save
$1.70
100g $6.30 per 100G
Unit Price
Add
1
for $6.30

Darrell Lea Rocklea Road Bunny 170g on special
Darrell Lea Rocklea Road Bunny
170g on special
$5.00
save
$1.50
170g $2.94 per 100G
Unit Price
Add
1
for $5.00

Lindt Bunny Flower Milk 100g on special
Lindt Bunny Flower Milk
100g on special
$6.30
save
$1.70
100g $6.30 per 100G
Unit Price
Add
1
for $6.30

Lindt Gold Bunny White 100g on special
Lindt Gold Bunny White
100g on special
$6.30
save
$1.70
100g $6.30 per 100G
Unit Price
Add
1
for $6.30"	['/wcsstore/Coles-CAS/images/9/6/3/9635216-th.jpg', '/wcsstore/Coles-CAS/images/9/6/3/9635216_B-th.jpg']
Cadbury	Dairy Milk Easter Bunny Sharepack	$ 6 .00	204g	$2.94 per 100G	"Nutrition Facts
Serving size: 1 serving = 34g
Qty
Quantity
per serving Qty
Quantity
per 100g / 100ml %
Percentage
daily intake*
Energy 761 kJ 2240 kJ 0
Energy Cal 0 0 0
Protein 2.5 g 7.4 g 0
Total Fat 10.3 g 30.3 g 0
Saturated Fat 6.2 g 18.2 g 0
Trans 0 0 0
Polyunsaturated 0 0 0
Mono Unsaturated 0 0 0
Carbohydrate 19.5 g 57.3 g 0
Sugars 19 g 55.9 g 0
Dietary Fibre Total 0 0 0
Sodium 28 mg 83 mg 0
*Percentage Daily Intake per serving. Percentage Daily Intakes are based on an average adult diet of 8700 kJ. Your daily intakes may be higher or lower depending on your energy needs.
Disclaimer:
Product details, including nutritional information and country of origin, may change from time to time and so the product you receive in your order may not reflect the information on this page. Please check the packaging on any product you purchase and if it's not what you expected, feel free to return it for a full refund.
Details
Country of Origin:
made in Australia
Ingredients:
INGREDIENTS: FULL CREAM MILK, SUGAR, COCOA BUTTER, COCOA MASS, MILK SOLIDS, EMULSIFIERS (SOY LECITHIN, 476), FLAVOURS.
Contains:
MILK CHOCOLATE CONTAINS COCOA SOLIDS 27%, MILK SOLIDS MINIMUM 24%.
Allergen:
May Be Present Tree Nuts, May Be Present Peanuts, May Be Present Wheat, May Be Present Gluten, Contains Soy, Contains Milk
Servings Per Pack:
6.0
Storage Instructions:
PLEASE STORE IN COOL, DRY CONDITIONS.
Size:
204g
Code: 4699812P
4 6 9 9 8 1 2 P
Customers also purchased
Cadbury Mini Eggs Easter Eggs Bag 125g on special
Cadbury Mini Eggs Easter Eggs Bag
125g on special
$3.00
save
$2.00
125g $2.40 per 100G
Unit Price
Add
1
for $3.00

Cadbury Clinker Easter Bunny Sharepack 180g on special
Cadbury Clinker Easter Bunny Sharepack
180g on special
$6.00
save
$2.00
180g $3.33 per 100G
Unit Price
Add
1
for $6.00

Cadbury Marvellous Creations Easter Bunny Sharepack 198g on special
Cadbury Marvellous Creations Easter Bunny Sharepack
198g on special
$6.00
save
$2.00
198g $3.03 per 100G
Unit Price
Add
1
for $6.00"	['/wcsstore/Coles-CAS/images/4/6/9/4699812-th.jpg', '/wcsstore/Coles-CAS/images/4/6/9/4699812_B-th.jpg']
Cadbury	Marvellous Creations Easter Bunny Sharepack	$ 6 .00	198g	$3.03 per 100G	"Nutrition Facts
Serving size: 1 serving = 33g
Qty
Quantity
per serving Qty
Quantity
per 100g / 100ml %
Percentage
daily intake*
Energy 723 kJ 2190 kJ 0
Energy Cal 0 0 0
Protein 2.3 g 6.9 g 0
Total Fat 9.3 g 28.3 g 0
Saturated Fat 5.6 g 17 g 0
Trans 0 0 0
Polyunsaturated 0 0 0
Mono Unsaturated 0 0 0
Carbohydrate 19.6 g 59.4 g 0
Sugars 18.9 g 57.1 g 0
Dietary Fibre Total 0 0 0
Sodium 27 mg 80 mg 0
*Percentage Daily Intake per serving. Percentage Daily Intakes are based on an average adult diet of 8700 kJ. Your daily intakes may be higher or lower depending on your energy needs.
Disclaimer:
Product details, including nutritional information and country of origin, may change from time to time and so the product you receive in your order may not reflect the information on this page. Please check the packaging on any product you purchase and if it's not what you expected, feel free to return it for a full refund.
Details
Country of Origin:
Made in Australia from Imported and Local Ingredients
Ingredients:
PRODUCT CONTAINS MILK CHOCOLATE (91%), BEANIES (3.5%), RASPBERRY FLAVOURED JELLY PIECES (3%), POPPING CANDY (2.5%).INGREDIENTS: FULL CREAM MILK, SUGAR, COCOA BUTTER, COCOA MASS, MILK SOLIDS, BEANIES (CONTAIN MILK, SPIRULINA EXTRACT, COLOURS (163, 100, 141, 160a)), RASPBERRY FLAVOURED JELLY PIECES (CONTAIN FLAVOUR), POPPING CANDY (CONTAINS MILK, CARBON DIOXIDE), EMULSIFIERS (SOY LECITHIN, 476), FLAVOURS.
Contains:
MILK CHOCOLATE CONTAINS COCOA SOLIDS 27%, MILK SOLIDS MINIMUM 24%.
Allergen:
May Be Present Tree Nuts, May Be Present Peanuts, May Be Present Wheat, May Be Present Gluten, Contains Soy, Contains Milk
Servings Per Pack:
6.0
Storage Instructions:
PLEASE STORE IN COOL, DRY CONDITIONS.
Size:
198g
Code: 5766245P
5 7 6 6 2 4 5 P
Customers also purchased
M&M?s Crispy Chocolate Speckled Easter Egg Snack & Share Bag 150g on special
M&M?s Crispy Chocolate Speckled Easter Egg Snack & Share Bag
150g on special
$4.00
save
$1.00
150g $2.67 per 100G
Unit Price
Add
1
for $4.00

Cadbury Clinker Easter Bunny Sharepack 180g on special
Cadbury Clinker Easter Bunny Sharepack
180g on special
$6.00
save
$2.00
180g $3.33 per 100G
Unit Price
Add
1
for $6.00

Cadbury Creme Eggs Minis Easter Bag 110g on special
Cadbury Creme Eggs Minis Easter Bag
110g on special
$3.00
save
$2.00
110g $2.73 per 100G
Unit Price
Add
1
for $3.00

Cadbury Turkish Delight Easter Eggs Bag 117g on special
Cadbury Turkish Delight Easter Eggs Bag
117g on special
$3.00
save
$2.00
117g $2.56 per 100G
Unit Price
Add
1
for $3.00"	['/wcsstore/Coles-CAS/images/5/7/6/5766245-th.jpg', '/wcsstore/Coles-CAS/images/5/7/6/5766245_B-th.jpg']
Darrell Lea	Milk Bunny	$ 5 .00	160g	$3.13 per 100G	"Disclaimer:
Product details, including nutritional information and country of origin, may change from time to time and so the product you receive in your order may not reflect the information on this page. Please check the packaging on any product you purchase and if it's not what you expected, feel free to return it for a full refund.
Details
Country of Origin:
Made in Australia
Dimensions:
200 x 75 x 60mm
Code: 3956320P
3 9 5 6 3 2 0 P"	[]
Lindt	Gold Bunny Dark	$ 10 .00	200g	$5.00 per 100G	"Nutrition Facts
Serving size: 1 serving = 25g
Qty
Quantity
per serving Qty
Quantity
per 100g / 100ml %
Percentage
daily intake*
Energy 582kJ 2330kJ
Not provided
Protein 2.0g 7.9g
Not provided
Total Fat 9.8g 39.0g
Not provided
Saturated Fat 6.0g 24.0g
Not provided
Carbohydrate 9.8g 39.0g
Not provided
Sugars 8.8g 35.0g
Not provided
Sodium 4mg 16mg
Not provided
*Percentage Daily Intake per serving. Percentage Daily Intakes are based on an average adult diet of 8700 kJ. Your daily intakes may be higher or lower depending on your energy needs.
Disclaimer:
Product details, including nutritional information and country of origin, may change from time to time and so the product you receive in your order may not reflect the information on this page. Please check the packaging on any product you purchase and if it's not what you expected, feel free to return it for a full refund.
Details
Ingredients:
Cocoa mass, Sugar, Cocoa butter, Emulsifier (Soya Lecithin), Flavouring.
Contains:
Cocoa solids: 60% min.
Allergen:
May Be Present Milk, May Be Present Tree Nuts
Servings Per Pack:
8.0
Storage Instructions:
Store in a cool and dry place.
Size:
200g
Warning:
Quality Guarantee Chocoladefabriken Lindt & Sprngli AG Kilchberg/Switzerland
Code: 2588570P
2 5 8 8 5 7 0 P
Customers also purchased
Lindt Gold Bunny Milk 200g on special
Lindt Gold Bunny Milk
200g on special
$10.00
save
$4.00
200g $5.00 per 100G
Unit Price
Add
1
for $10.00

Lindt Bunny Flower Milk 100g on special
Lindt Bunny Flower Milk
100g on special
$6.30
save
$1.70
100g $6.30 per 100G
Unit Price
Add
1
for $6.30

Lindt Bunny Flower Milk 200g on special
Lindt Bunny Flower Milk
200g on special
$10.00
save
$4.00
200g $5.00 per 100G
Unit Price
Add
1
for $10.00

Red Tulip Easter Rabbit 200g on special
Red Tulip Easter Rabbit
200g on special
buy 2 for $10.00
2 for
$ 10
regular price
$8.00 ea
each
200g $4.00 per 100G
Unit Price
Add
2
for $10.00"	['/wcsstore/Coles-CAS/images/2/5/8/2588570-th.jpg', '/wcsstore/Coles-CAS/images/2/5/8/2588570_B-th.jpg']
Darrell Lea	Fruit Tingles Smiling Bunny	$ 5 .00	170g	$2.94 per 100G	"Disclaimer:
Product details, including nutritional information and country of origin, may change from time to time and so the product you receive in your order may not reflect the information on this page. Please check the packaging on any product you purchase and if it's not what you expected, feel free to return it for a full refund.
Details
Country of Origin:
Made in Australia
Dimensions:
205 x 75 x 60mm
Code: 3943383P
3 9 4 3 3 8 3 P
Customers also purchased
Darrell Lea Rocklea Road Bunny 170g on special
Darrell Lea Rocklea Road Bunny
170g on special
$5.00
save
$1.50
170g $2.94 per 100G
Unit Price
Add
1
for $5.00

Lindt Bunny Flower Milk 100g on special
Lindt Bunny Flower Milk
100g on special
$6.30
save
$1.70
100g $6.30 per 100G
Unit Price
Add
1
for $6.30

Kinder Surprise Chocolate Easter Bunny Blue 75g on special twenty percent off
Kinder Surprise Chocolate Easter Bunny Blue
75g on special twenty percent off
$4.00
save
$1.00
75g $5.33 per 100G
Unit Price
Add
1
for $4.00

Red Tulip Easter Rabbit 200g on special
Red Tulip Easter Rabbit
200g on special
buy 2 for $10.00
2 for
$ 10
regular price
$8.00 ea
each
200g $4.00 per 100G
Unit Price
Add
2
for $10.00"	[]
Kinder	Surprise Chocolate Easter Bunny Pink	$ 4 .00	75g	$5.33 per 100G	"Disclaimer:
Product details, including nutritional information and country of origin, may change from time to time and so the product you receive in your order may not reflect the information on this page. Please check the packaging on any product you purchase and if it's not what you expected, feel free to return it for a full refund.
Details
Country of Origin:
Made in Poland
Code: 2588548P
2 5 8 8 5 4 8 P
Customers also purchased
Kinder Chicks 35g on special twenty five percent off
Kinder Chicks
35g on special twenty five percent off
$1.50
save
$0.50
35g $4.29 per 100G
Unit Price
Add
1
for $1.50

Darrell Lea Rocklea Road Bunny 170g on special
Darrell Lea Rocklea Road Bunny
170g on special
$5.00
save
$1.50
170g $2.94 per 100G
Unit Price
Add
1
for $5.00

Kinder Surprise Chocolate Easter Bunny Blue 75g on special twenty percent off
Kinder Surprise Chocolate Easter Bunny Blue
75g on special twenty percent off
$4.00
save
$1.00
75g $5.33 per 100G
Unit Price
Add
1
for $4.00

Cadbury Easter Bunny 150g on special
Cadbury Easter Bunny
150g on special
$5.00
save
$1.70
150g $3.33 per 100G
Unit Price
Add
1
for $5.00"	[]
Kinder	Surprise Chocolate Giant Easter Bunny	$ 9 .50	160g	$5.94 per 100G	"Disclaimer:
Product details, including nutritional information and country of origin, may change from time to time and so the product you receive in your order may not reflect the information on this page. Please check the packaging on any product you purchase and if it's not what you expected, feel free to return it for a full refund.
Details
Country of Origin:
Made in Poland
Code: 2588515P
2 5 8 8 5 1 5 P
Customers also purchased
Cadbury Easter Bunny 150g on special
Cadbury Easter Bunny
150g on special
$5.00
save
$1.70
150g $3.33 per 100G
Unit Price
Add
1
for $5.00

Darrell Lea Rocklea Road Egg 120g on special
Darrell Lea Rocklea Road Egg
120g on special
$3.50
save
$1.00
120g $2.92 per 100G
Unit Price
Add
1
for $3.50

Lindt Bunny Flower Milk 200g on special
Lindt Bunny Flower Milk
200g on special
$10.00
save
$4.00
200g $5.00 per 100G
Unit Price
Add
1
for $10.00

Kit Kat Bunny 85g new product
Kit Kat Bunny
85g new product
$4.50
85g $5.29 per 100G
Unit Price
Add
1
for $4.50"	[]
Lindt	Mini Gold Bunny Pouch	$ 6 .50	90g	$7.22 per 100G	"Nutrition Facts
Serving size: 1 serving = 20g
Qty
Quantity
per serving Qty
Quantity
per 100g / 100ml %
Percentage
daily intake*
Energy 475kJ 2380kJ
Not provided
Protein 1.5g 7.4g
Not provided
Total Fat 7.4g 37.0g
Not provided
Saturated Fat 4.4g 22.0g
Not provided
Carbohydrate 10.2g 51.0g
Not provided
Sugars 10.1g 50.5g
Not provided
Sodium 16mg 80mg
Not provided
*Percentage Daily Intake per serving. Percentage Daily Intakes are based on an average adult diet of 8700 kJ. Your daily intakes may be higher or lower depending on your energy needs.
Disclaimer:
Product details, including nutritional information and country of origin, may change from time to time and so the product you receive in your order may not reflect the information on this page. Please check the packaging on any product you purchase and if it's not what you expected, feel free to return it for a full refund.
Details
Country of Origin:
Manufactured in Germany
Ingredients:
Sugar, cocoa butter, whole milk powder, emulsifier (soy lecithin), Barley malt extract, flavouring.
Contains:
Cocoa solids 30% min., milk solids 18% min.
Allergen:
May Be Present Tree Nuts, May Be Present Peanuts
Servings Per Pack:
4.5
Storage Instructions:
Store in a cool and dry place.
Size:
90g
Warning:
QUALITY GUARANTEE The incomparable taste of this Lindt chocolate product is due to our using the highest quality ingredients and our traditional Swiss manufacturing know-how. This product left our factory in impeccable condition. Were it damaged on its way to you, please return it to us and we will replace it. Chocoladefabriken Lindt & Sprngli AG, Kilchberg / Switzerland.
Code: 8815937P
8 8 1 5 9 3 7 P
Customers also purchased
Cadbury Caramilk Easter Eggs Bag 235g on special
Cadbury Caramilk Easter Eggs Bag
235g on special
$6.00
save
$3.00
235g $2.55 per 100G
Unit Price
Add
1
for $6.00

Lindt Bugs & Bees Pouch Bag 98g on special
Lindt Bugs & Bees Pouch Bag
98g on special
$6.50
save
$2.00
98g $6.63 per 100G
Unit Price
Add
1
for $6.50

Lindt Milk Mini Eggs 390g on special
Lindt Milk Mini Eggs
390g on special
buy any 2 for $24.00
Any 2
$ 24
regular price
$24.00 ea
each
390g $6.15 per 100G
Unit Price
Pick any 2 for $24.00 ...

Cadbury Caramello Easter Eggs Bag 117g on special
Cadbury Caramello Easter Eggs Bag
117g on special
$3.00
save
$2.00
117g $2.56 per 100G
Unit Price
Add
1
for $3.00"	['/wcsstore/Coles-CAS/images/8/8/1/8815937-th.jpg', '/wcsstore/Coles-CAS/images/8/8/1/8815937_B-th.jpg']
Lindt	Mini Gold Bunny 5 Pack	$ 6 .00	50g	$12.00 per 100G	"Nutrition Facts
Serving size: 1 serving = 10g
Qty
Quantity
per serving Qty
Quantity
per 100g / 100ml %
Percentage
daily intake*
Energy 238kJ 2380kJ
Not provided
Protein 0.7g 7.4g
Not provided
Total Fat 3.7g 37.0g
Not provided
Saturated Fat 2.2g 22.0g
Not provided
Carbohydrate 5.1g 51.0g
Not provided
Sugars 5.0g 50.0g
Not provided
Sodium 8mg 80mg
Not provided
*Percentage Daily Intake per serving. Percentage Daily Intakes are based on an average adult diet of 8700 kJ. Your daily intakes may be higher or lower depending on your energy needs.
Disclaimer:
Product details, including nutritional information and country of origin, may change from time to time and so the product you receive in your order may not reflect the information on this page. Please check the packaging on any product you purchase and if it's not what you expected, feel free to return it for a full refund.
Details
Ingredients:
Sugar, Cocoa Butter, Whole Milk Powder, Cocoa Mass, Lactose, Skim Milk Powder, Emulsifier (Soy Lecithin), Barley Malt Extract, Flavouring.
Contains:
Milk Chocolate contains: Cocoa Solids 30% min., Milk Solids 18% min.
Allergen:
May Be Present Tree Nuts
Servings Per Pack:
5.0
Storage Instructions:
Store in a cool and dry place.
Size:
5 Pack (50g)
Warning:
Quality Guarantee Chocoladefabriken Lindt & Sprngli AG Kilchberg / Switzerland
Code: 3136756P
3 1 3 6 7 5 6 P
Customers also purchased
Maltesers Easter Chocolate Mini Bunnies & Eggs Share Bag 220g on special
Maltesers Easter Chocolate Mini Bunnies & Eggs Share Bag
220g on special
$6.50
save
$1.50
220g $2.95 per 100G
Unit Price
Add
1
for $6.50

Nestle Kitkat Milk Choc Easter Egg Gift Box 173g on special
Nestle Kitkat Milk Choc Easter Egg Gift Box
173g on special
$8.00
save
$2.00
173g $4.62 per 100G
Unit Price
Add
1
for $8.00

Cadbury Dairy Milk Easter Gift Box 176g
Cadbury Dairy Milk Easter Gift Box
176g
$10.00
176g $5.68 per 100G
Unit Price
Add
1
for $10.00

Nestle Milkybar White Chocolate Easter Egg Gift Box 168g on special
Nestle Milkybar White Chocolate Easter Egg Gift Box
168g on special
$8.00
save
$2.00
168g $4.76 per 100G
Unit Price
Add
1
for $8.00"	[]
Sweet William	Hollow Chocolate Bunny	$ 12 .60	120g	$10.50 per 100G	"Nutrition Facts
Serving size: 1 serving = 20g
Qty
Quantity
per serving Qty
Quantity
per 100g / 100ml %
Percentage
daily intake*
Energy 456kJ 2280kJ
Not provided
Protein 1.6g 8.2g
Not provided
Total Fat 6.7g 33.5g
Not provided
Saturated Fat 3.6g 18.2g
Not provided
Carbohydrate 9.6g 48.1g
Not provided
Sugars 8g 39.8g
Not provided
Sodium 2mg 12mg
Not provided
*Percentage Daily Intake per serving. Percentage Daily Intakes are based on an average adult diet of 8700 kJ. Your daily intakes may be higher or lower depending on your energy needs.
Disclaimer:
Product details, including nutritional information and country of origin, may change from time to time and so the product you receive in your order may not reflect the information on this page. Please check the packaging on any product you purchase and if it's not what you expected, feel free to return it for a full refund.
Details
Country of Origin:
Made in Australia from local and imported ingredients
Ingredients:
Raw Cane Sugar, Cocoa Butter (Non Dairy), Soy Flour, Cocoa Mass, Maize Maltodextrin, Cocoa Powder, Chicory Fibre, Emulsifiers (Sunflower Lecithin, E476), Natural Flavours.
Allergen:
Contains Soybean, Free From Tree Nuts, Free From Milk, Free From Gluten, Free From Egg, Free From Peanuts, Free From Cereals
Dietary:
No Preservatives, No Artificial Flavours or Colours
Servings Per Pack:
6.0
Dimensions:
228 x 113 x 75mm
Size:
120g
Code: 3946280P
3 9 4 6 2 8 0 P
Customers also purchased
Cadbury Caramilk Easter Gift Box 153g
Cadbury Caramilk Easter Gift Box
153g
$10.00
153g $6.54 per 100G
Unit Price
Add
1
for $10.00

Cadbury Creme Egg Easter Gift Box 193g
Cadbury Creme Egg Easter Gift Box
193g
$10.00
193g $5.18 per 100G
Unit Price
Add
1
for $10.00

Nestle Milkybar White Chocolate Easter Egg Gift Box 168g on special
Nestle Milkybar White Chocolate Easter Egg Gift Box
168g on special
$8.00
save
$2.00
168g $4.76 per 100G
Unit Price
Add
1
for $8.00"	[]
Nestle	After Eight Easter Bunny	$ 4 .50	85g	$5.29 per 100G	"Nutrition Facts
Serving size: 1 serving = 17 g
Qty
Quantity
per serving Qty
Quantity
per 100g / 100ml %
Percentage
daily intake*
Energy 380kJ 2240kJ
Not provided
Protein 1.1g 6.2g
Not provided
Total Fat 6.0g 35.2g
Not provided
Saturated Fat 3.4g 20.3g
Not provided
Carbohydrate 7.5g 44.4g
Not provided
Sugars 7.2g 42.1g
Not provided
Sodium Less than 1 mg 5mg
Not provided
*Percentage Daily Intake per serving. Percentage Daily Intakes are based on an average adult diet of 8700 kJ. Your daily intakes may be higher or lower depending on your energy needs.
Disclaimer:
Product details, including nutritional information and country of origin, may change from time to time and so the product you receive in your order may not reflect the information on this page. Please check the packaging on any product you purchase and if it's not what you expected, feel free to return it for a full refund.
Details
Country of Origin:
Packed in Hungary from Ingredients of Multiple Origins.
Ingredients:
Cocoa Mass, Sugar, Cocoa Butter, Emulsifier (Sunflower Lecithin), Peppermint Oil, Flavour, Milk Powder.
Contains:
Contains Milk. May contain Peanut, Tree Nut, Soy, Gluten, Wheat, Barley, Oat, Rye.
Allergen:
May Be Present Barley, May Be Present Oats, May Be Present Rye, May Be Present Soy, May Be Present Tree Nuts, May Be Present Peanuts, May Be Present Wheat, May Be Present Gluten, Contains Milk
Servings Per Pack:
5.0
Storage Instructions:
Store Cool and Dry
Size:
85 g
Code: 3646027P
3 6 4 6 0 2 7 P
Customers also purchased
Red Tulip Easter Rabbit 110g on special
Red Tulip Easter Rabbit
110g on special
buy 2 for $7.50
2 for
$ 7 .50
regular price
$5.00 ea
each
110g $4.55 per 100G
Unit Price
Add
2
for $7.50

Darrell Lea Rocklea Road Bunny 170g on special
Darrell Lea Rocklea Road Bunny
170g on special
$5.00
save
$1.50
170g $2.94 per 100G
Unit Price
Add
1
for $5.00

Cadbury Easter Bunny 150g on special
Cadbury Easter Bunny
150g on special
$5.00
save
$1.70
150g $3.33 per 100G
Unit Price
Add
1
for $5.00

Lindt Gold Bunny Dark 100g on special
Lindt Gold Bunny Dark
100g on special
$6.30
save
$1.70
100g $6.30 per 100G
Unit Price
Add
1
for $6.30"	['/wcsstore/Coles-CAS/images/3/6/4/3646027-th.jpg', '/wcsstore/Coles-CAS/images/3/6/4/3646027_L-th.jpg']
Kit Kat	Bunny	$ 4 .50	85g	$5.29 per 100G	"Nutrition Facts
Serving size: 1 serving = 17g
Qty
Quantity
per serving Qty
Quantity
per 100g / 100ml %
Percentage
daily intake*
Energy 380kJ 2240kJ
Not provided
Energy Cal 1.6g 9.4g
Not provided
Protein 9.4g 1.6g
Not provided
Total Fat 5.3g 30.9g
Not provided
Saturated Fat 3.1g 18.5g
Not provided
Carbohydrate 9.2g 54.3g
Not provided
Sugars 9.0g 52.9g
Not provided
Sodium 30mg 180mg
Not provided
*Percentage Daily Intake per serving. Percentage Daily Intakes are based on an average adult diet of 8700 kJ. Your daily intakes may be higher or lower depending on your energy needs.
Disclaimer:
Product details, including nutritional information and country of origin, may change from time to time and so the product you receive in your order may not reflect the information on this page. Please check the packaging on any product you purchase and if it's not what you expected, feel free to return it for a full refund.
Details
Country of Origin:
Made in Hungary
Ingredients:
Sugar, Milk Solids, Cocoa Butter^, Cocoa Mass^, Crisped Cereal (5%) [Wheat Flour, Sugar, Wheat Malt, Raising Agent (500), Emulsifier (Lecithin), Salt, Flavour], Emulsifier (Lecithin), Flavour. Milk chocolate contains minimum 30% cocoa solids and 26% milk solids.
Contains:
Contains Milk, Gluten, Wheat. May contain Peanut, Tree Nut, Soy.
Allergen:
May Be Present Soy, May Be Present Tree Nuts, May Be Present Peanuts, Contains Gluten, Contains Wheat, Contains Milk
Servings Per Pack:
5.0
Storage Instructions:
Store Cool and Dry
Size:
85g
Code: 5747852P
5 7 4 7 8 5 2 P"	['/wcsstore/Coles-CAS/images/5/7/4/5747852-th.jpg', '/wcsstore/Coles-CAS/images/5/7/4/5747852_L-th.jpg', '/wcsstore/Coles-CAS/images/5/7/4/5747852_B-th.jpg']
Easter	Belgian Bunny Hollows	$ 2 .80	50g	$5.60 per 100G	"Disclaimer:
Product details, including nutritional information and country of origin, may change from time to time and so the product you receive in your order may not reflect the information on this page. Please check the packaging on any product you purchase and if it's not what you expected, feel free to return it for a full refund.
Details
Country of Origin:
Made in Belgium
Code: 3640698P
3 6 4 0 6 9 8 P
Customers also purchased
Kinder Chicks 35g on special twenty five percent off
Kinder Chicks
35g on special twenty five percent off
$1.50
save
$0.50
35g $4.29 per 100G
Unit Price
Add
1
for $1.50

Cadbury Easter Bunny 150g on special
Cadbury Easter Bunny
150g on special
$5.00
save
$1.70
150g $3.33 per 100G
Unit Price
Add
1
for $5.00

Easter Mini Milk Bunnies Or Chicks 100g while stocks last product
Easter Mini Milk Bunnies Or Chicks
100g while stocks last product
$4.00
100g $4.00 per 100G
Unit Price
Add
1
for $4.00

Kit Kat Bunny 85g new product
Kit Kat Bunny
85g new product
$4.50
85g $5.29 per 100G
Unit Price
Add
1
for $4.50"	['/wcsstore/Coles-CAS/images/3/6/4/3640698-th.jpg', '/wcsstore/Coles-CAS/images/3/6/4/3640698_L-th.jpg', '/wcsstore/Coles-CAS/images/3/6/4/3640698_R-th.jpg', '/wcsstore/Coles-CAS/images/3/6/4/3640698_B-th.jpg']
Lindt	Gold Bunny Mini	$ 1 .00	10g	$10.00 per 100G	"Nutrition Facts
Serving size: 1 serving = 10g
Qty
Quantity
per serving Qty
Quantity
per 100g / 100ml %
Percentage
daily intake*
Energy 238kJ 2380kJ
Not provided
Protein 0.7g 7.4g
Not provided
Total Fat 3.7g 37.0g
Not provided
Saturated Fat 2.2g 22.0g
Not provided
Carbohydrate 5.1g 51.0g
Not provided
Sugars 5.0g 50.0g
Not provided
Sodium 8mg 80mg
Not provided
*Percentage Daily Intake per serving. Percentage Daily Intakes are based on an average adult diet of 8700 kJ. Your daily intakes may be higher or lower depending on your energy needs.
Disclaimer:
Product details, including nutritional information and country of origin, may change from time to time and so the product you receive in your order may not reflect the information on this page. Please check the packaging on any product you purchase and if it's not what you expected, feel free to return it for a full refund.
Details
Country of Origin:
Manufactured in Germany
Ingredients:
Sugar, Cocoa Butter, Whole Milk Powder, Cocoa Mass, Lactose, Skim Milk Powder, Emulsifier 9Soy Lecithin), Barley Malt Extract, Flavouring.
Contains:
Milk Chocolate contains: Cocoa Solids 30% min., Milk Solids 18% min.
Allergen:
May Be Present Tree Nuts
Servings Per Pack:
100.0
Storage Instructions:
Highly meltable. Keep cool. Store in a cool and dry place.
Size:
10g 100 Pack
Warning:
Quality Guarantee Chocoladefabriken Lindt & Sprngli AG Kilchberg / Switzerland
Code: 1146726P
1 1 4 6 7 2 6 P
Customers also purchased
Cadbury Easter Crme Egg 40g on special
Cadbury Easter Crme Egg
40g on special
buy any 2 for $3.00
Any 2
$ 3
regular price
$2.00 ea
each
40g $5.00 per 100G
Unit Price
Pick any 2 for $3.00 ...

Cadbury Marvellous Creations Easter Bunny 33g on special
Cadbury Marvellous Creations Easter Bunny
33g on special
buy any 2 for $3.00
Any 2
$ 3
regular price
$2.00 ea
each
33g $6.06 per 100G
Unit Price
Pick any 2 for $3.00 ..."	[]
Cadbury	Easter Bunny Tin	$ 8 .00	164g	$4.88 per 100G	"Nutrition Facts
Serving size: 1 serving = 25g
Qty
Quantity
per serving Qty
Quantity
per 100g / 100ml %
Percentage
daily intake*
Energy 516 KJ 2070 KJ 0
Energy Cal 0 0 0
Protein 1.5 G 6 G 0
Total Fat 6.1 G 24.6 G 0
Saturated Fat 3.7 G 14.7 G 0
Trans 0 0 0
Polyunsaturated 0 0 0
Mono Unsaturated 0 0 0
Carbohydrate 15.3 G 61.2 G 0
Sugars 14.1 G 56.3 G 0
Dietary Fibre Total 0 0 0
Sodium 17 MG 68 MG 0
*Percentage Daily Intake per serving. Percentage Daily Intakes are based on an average adult diet of 8700 kJ. Your daily intakes may be higher or lower depending on your energy needs.
Disclaimer:
Product details, including nutritional information and country of origin, may change from time to time and so the product you receive in your order may not reflect the information on this page. Please check the packaging on any product you purchase and if it's not what you expected, feel free to return it for a full refund.
Details
Country of Origin:
Made In Australia.
Ingredients:
DAIRY MILK MILK CHOCOLATE EGGS INGREDIENTS: FULL CREAM MILK, SUGAR, COCOA BUTTER, COCOA MASS, MILK SOLIDS, EMULSIFIERS (SOY LECITHIN, 476), FLAVOURS. MILK CHOCOLATE CONTAINS COCOA SOLIDS 28%, MILK SOLIDS MINIMUM 24%. MARSHMALLOW EGGS PRODUCT CONTAINS MARSHMALLOW (65%), MILK CHOCOLATE (35%). INGREDIENTS: SUGAR, GLUCOSE SYRUP, INVERT SUGAR, MILK SOLIDS, WATER, COCOA BUTTER, COCOA MASS, GELATINE, EMULSIFIERS (SOY LECITHIN, 476), COLOURS (100, 160a), FLAVOURS, CORNSTARCH. MILK CHOCOLATE CONTAINS COCOA SOLIDS 26%, MILK SOLIDS 23%.
Contains:
Dairy Milk Milk Chocolate Solid Eggs Milk Chocolate Contains Cocoa Solids 28%, Milk Solids Minimum 24%. Milk And Soy. Marshmallow Eggs - Contains: Marshmallow (65%), Milk Chocolate (35%). Milk Chocolate Contains Cocoa Solids 26%, Milk Solids 23%. Milk And Soy.
Allergen:
May Be Present Tree Nuts, May Be Present Peanuts, Contains Soy, Contains Milk
Servings Per Pack:
6.56
Storage Instructions:
PLEASE STORE IN COOL, DRY CONDITIONS.
Size:
164g
Code: 3956590P
3 9 5 6 5 9 0 P
Customers also purchased
Cadbury Caramilk Easter Gift Box 153g
Cadbury Caramilk Easter Gift Box
153g
$10.00
153g $6.54 per 100G
Unit Price
Add
1
for $10.00

Cadbury Humpty Easter Gift Box 130g on special
Cadbury Humpty Easter Gift Box
130g on special
buy any 2 for $10.00
Any 2
$ 10
regular price
$7.00 ea
each
130g $5.38 per 100G
Unit Price
Pick any 2 for $10.00 ...

Kit Kat Milo Gift Box 165g on special
Kit Kat Milo Gift Box
165g on special
$8.00
save
$2.00
165g $4.85 per 100G
Unit Price
Add
1
for $8.00

Celebrations Milk Chocolate Easter Egg 165g new product
Celebrations Milk Chocolate Easter Egg
165g new product
$10.00
165g $6.06 per 100G
Unit Price
Add
1
for $10.00"	['/wcsstore/Coles-CAS/images/3/9/5/3956590-th.jpg', '/wcsstore/Coles-CAS/images/3/9/5/3956590_B-th.jpg']
Lindt	Plush Bunny	$ 17 .00	50g	$34.00 per 100G	"Nutrition Facts
Serving size: 1 serving = 10g
Qty
Quantity
per serving Qty
Quantity
per 100g / 100ml %
Percentage
daily intake*
Energy 239 2390
Not provided
Protein 0.7g 6.6g
Not provided
Total Fat 3.8g 38.0g
Not provided
Saturated Fat 2.4g 24.0g
Not provided
Carbohydrate 5.1g 51.0g
Not provided
Sugars 5.1g 51.0g
Not provided
Sodium 8mg 81mg
Not provided
*Percentage Daily Intake per serving. Percentage Daily Intakes are based on an average adult diet of 8700 kJ. Your daily intakes may be higher or lower depending on your energy needs.
Disclaimer:
Product details, including nutritional information and country of origin, may change from time to time and so the product you receive in your order may not reflect the information on this page. Please check the packaging on any product you purchase and if it's not what you expected, feel free to return it for a full refund.
Details
Country of Origin:
Eggs manufactured in
Allergen:
May Be Present Tree Nuts, May Be Present Peanuts
Servings Per Pack:
5.0
Size:
50g
Code: 3645625P
3 6 4 5 6 2 5 P"	[]
Lindt	Easter Gold Bunny & Egg	$ 26 .00	240g	$10.83 per 100G	"Nutrition Facts
Serving size: 1 serving = 25g
Qty
Quantity
per serving Qty
Quantity
per 100g / 100ml %
Percentage
daily intake*
Energy 586kJ 2340kJ
Not provided
Protein 1.6g 6.3g
Not provided
Total Fat 9.1g 36.2g
Not provided
Saturated Fat 5.6g 22.5g
Not provided
Carbohydrate 12.9g 51.8g
Not provided
Sugars 12.9g 51.6g
Not provided
Sodium 21mg 83mg
Not provided
*Percentage Daily Intake per serving. Percentage Daily Intakes are based on an average adult diet of 8700 kJ. Your daily intakes may be higher or lower depending on your energy needs.
Disclaimer:
Product details, including nutritional information and country of origin, may change from time to time and so the product you receive in your order may not reflect the information on this page. Please check the packaging on any product you purchase and if it's not what you expected, feel free to return it for a full refund.
Details
Country of Origin:
Gold Bunny manufactured in Germany egg chocolate Manufactured in Switzerland by
Ingredients:
Sugar, cocoa butter, whole milk powder, cocoa mass, lactose, skim milk powder, barley malt extract, emulsifier (soy lecithin), flavouring.
Contains:
Milk Chocolate contains: cocoa solids 30% min., milk solids 18% min.
Allergen:
May Be Present Sesame, May Be Present Tree Nuts, May Be Present Peanuts
Servings Per Pack:
9.6
Storage Instructions:
Store in a cool and dry place.
Size:
240g
Warning:
Quality Guarantee The incomparable taste of this Lindt chocolate product is due to our using the highest quality ingredients and our traditional Swiss manufacturing know-how. This product left our factory in impeccable condition. Were it damaged on its way to you, please return it to us and we will replace it. Chocoladefabriken Lindt & Sprngli AG Kilchberg / Switzerland
Code: 3407398P
3 4 0 7 3 9 8 P"	[]
Cadbury	Dairy Milk Easter Eggs Bag	$ 6 .00	243g	$2.47 per 100G	"Nutrition Facts
Serving size: 1 serving = 25g
Qty
Quantity
per serving Qty
Quantity
per 100g / 100ml %
Percentage
daily intake*
Energy 564 kJ 2260 kJ 0
Energy Cal 0 0 0
Protein 1.9 g 7.7 g 0
Total Fat 7.7 g 31 g 0
Saturated Fat 4.7 g 18.8 g 0
Trans 0 0 0
Polyunsaturated 0 0 0
Mono Unsaturated 0 0 0
Carbohydrate 14.1 g 56.5 g 0
Sugars 13.8 g 55.2 g 0
Dietary Fibre Total 0 0 0
Sodium 20 mg 82 mg 0
*Percentage Daily Intake per serving. Percentage Daily Intakes are based on an average adult diet of 8700 kJ. Your daily intakes may be higher or lower depending on your energy needs.
Disclaimer:
Product details, including nutritional information and country of origin, may change from time to time and so the product you receive in your order may not reflect the information on this page. Please check the packaging on any product you purchase and if it's not what you expected, feel free to return it for a full refund.
Details
Ingredients:
INGREDIENTS: FULL CREAM MILK, SUGAR, COCOA BUTTER, COCOA MASS, MILK SOLIDS, EMULSIFIERS (SOY LECITHIN, 476), FLAVOURS.
Contains:
MILK CHOCOLATE CONTAINS COCOA SOLIDS 28%, MILK SOLIDS MINIMUM 24%.
Allergen:
May Be Present Tree Nuts, May Be Present Peanuts, Contains Soy, Contains Milk
Servings Per Pack:
9.72
Storage Instructions:
PLEASE STORE IN COOL, DRY CONDITIONS.
Size:
243g
Warning:
The equivalent of a glass and a half of full cream milk in every 200g of Cadbury Dairy Milk milk chocolate.
Code: 5443596P
5 4 4 3 5 9 6 P
Customers also purchased
Cadbury Caramilk Easter Eggs Bag 235g on special
Cadbury Caramilk Easter Eggs Bag
235g on special
$6.00
save
$3.00
235g $2.55 per 100G
Unit Price
Add
1
for $6.00

Cadbury Creme Eggs Minis Easter Bag 110g on special
Cadbury Creme Eggs Minis Easter Bag
110g on special
$3.00
save
$2.00
110g $2.73 per 100G
Unit Price
Add
1
for $3.00

Cadbury Creme Egg 6-Pack Easter Eggs Bag 240g on special
Cadbury Creme Egg 6-Pack Easter Eggs Bag
240g on special
$6.00
save
$2.00
240g $2.50 per 100G
Unit Price
Add
1
for $6.00

Cadbury Selections Easter Eggs Bag 230g on special
Cadbury Selections Easter Eggs Bag
230g on special
$6.00
save
$3.00
230g $2.61 per 100G
Unit Price
Add
1
for $6.00"	['/wcsstore/Coles-CAS/images/5/4/4/5443596-th.jpg', '/wcsstore/Coles-CAS/images/5/4/4/5443596_B-th.jpg']
Cadbury	Mini Eggs Easter Eggs Bag	$ 3 .00	125g	$2.40 per 100G	"Nutrition Facts
Serving size: 1 serving = 25g
Qty
Quantity
per serving Qty
Quantity
per 100g / 100ml %
Percentage
daily intake*
Energy 516 kJ 2060 kJ 0
Energy Cal 0 0 0
Protein 1 g 4.2 g 0
Total Fat 5.3 g 21.2 g 0
Saturated Fat 3.1 g 12.3 g 0
Trans 0 0 0
Polyunsaturated 0 0 0
Mono Unsaturated 0 0 0
Carbohydrate 17.5 g 70.2 g 0
Sugars 17.3 g 69.2 g 0
Dietary Fibre Total 0 0 0
Sodium 17 mg 66 mg 0
*Percentage Daily Intake per serving. Percentage Daily Intakes are based on an average adult diet of 8700 kJ. Your daily intakes may be higher or lower depending on your energy needs.
Disclaimer:
Product details, including nutritional information and country of origin, may change from time to time and so the product you receive in your order may not reflect the information on this page. Please check the packaging on any product you purchase and if it's not what you expected, feel free to return it for a full refund.
Details
Country of Origin:
Made in New Zealand from Imported and Local Ingredients
Ingredients:
PRODUCT CONTAINS MILK CHOCOLATE (75%).INGREDIENTS: SUGAR, MILK SOLIDS, COCOA BUTTER, COCOA MASS, VEGETABLE OIL, VEGETABLE FAT, MODIFIED STARCH (1422, 1400), EMULSIFIERS (442, 476), FLAVOURS, MALTODEXTRIN, COLOURS (163, 162, 160a, 160c).
Contains:
MILK CHOCOLATE CONTAINS COCOA SOLIDS 24%, MILK SOLIDS 22%.
Allergen:
Contains Milk
Servings Per Pack:
5.0
Storage Instructions:
PLEASE STORE IN COOL, DRY CONDITIONS.
Size:
125g
Warning:
CHOKING WARNING: NOT SUITABLE FOR CHILDREN UNDER 4
Code: 1635416P
1 6 3 5 4 1 6 P
Customers also purchased
Cadbury Oreo Easter Eggs Bag 112g on special
Cadbury Oreo Easter Eggs Bag
112g on special
$3.00
save
$2.00
112g $2.68 per 100G
Unit Price
Add
1
for $3.00

Cadbury Creme Eggs Minis Easter Bag 110g on special
Cadbury Creme Eggs Minis Easter Bag
110g on special
$3.00
save
$2.00
110g $2.73 per 100G
Unit Price
Add
1
for $3.00

Cadbury Caramello Easter Eggs Bag 117g on special
Cadbury Caramello Easter Eggs Bag
117g on special
$3.00
save
$2.00
117g $2.56 per 100G
Unit Price
Add
1
for $3.00

Cadbury Dairy Milk Easter Eggs Bag 114g on special
Cadbury Dairy Milk Easter Eggs Bag
114g on special
$3.00
save
$2.00
114g $2.63 per 100G
Unit Price
Add
1
for $3.00"	['/wcsstore/Coles-CAS/images/1/6/3/1635416-th.jpg', '/wcsstore/Coles-CAS/images/1/6/3/1635416_B-th.jpg']
Cadbury	Dairy Milk Easter Eggs Bag	$ 3 .00	114g	$2.63 per 100G	"Nutrition Facts
Serving size: 1 serving = 25g
Qty
Quantity
per serving Qty
Quantity
per 100g / 100ml %
Percentage
daily intake*
Energy 564 kJ 2260 kJ 0
Energy Cal 0 0 0
Protein 1.9 g 7.7 g 0
Total Fat 7.7 g 31 g 0
Saturated Fat 4.7 g 18.8 g 0
Trans 0 0 0
Polyunsaturated 0 0 0
Mono Unsaturated 0 0 0
Carbohydrate 14.1 g 56.5 g 0
Sugars 13.8 g 55.2 g 0
Dietary Fibre Total 0 0 0
Sodium 20 mg 82 mg 0
*Percentage Daily Intake per serving. Percentage Daily Intakes are based on an average adult diet of 8700 kJ. Your daily intakes may be higher or lower depending on your energy needs.
Disclaimer:
Product details, including nutritional information and country of origin, may change from time to time and so the product you receive in your order may not reflect the information on this page. Please check the packaging on any product you purchase and if it's not what you expected, feel free to return it for a full refund.
Details
Ingredients:
INGREDIENTS: FULL CREAM MILK, SUGAR, COCOA BUTTER, COCOA MASS, MILK SOLIDS, EMULSIFIERS (SOY LECITHIN, 476), FLAVOURS.
Contains:
MILK CHOCOLATE CONTAINS COCOA SOLIDS 28%, MILK SOLIDS MINIMUM 24%.
Allergen:
May Be Present Tree Nuts, May Be Present Peanuts, Contains Soy, Contains Milk
Servings Per Pack:
4.56
Storage Instructions:
PLEASE STORE IN COOL, DRY CONDITIONS.
Size:
114g
Warning:
The equivalent of a glass and a half of full cream milk in every 200g of Cadbury Dairy Milk milk chocolate.
Code: 4885191P
4 8 8 5 1 9 1 P"	['/wcsstore/Coles-CAS/images/4/8/8/4885191-th.jpg', '/wcsstore/Coles-CAS/images/4/8/8/4885191_B-th.jpg']
Cadbury	Oreo Easter Eggs Bag	$ 3 .00	112g	$2.68 per 100G	"Nutrition Facts
Serving size: 1 serving = 25g
Qty
Quantity
per serving Qty
Quantity
per 100g / 100ml %
Percentage
daily intake*
Energy 599 kJ 2400 kJ 0
Energy Cal 0 0 0
Protein 1.4 g 5.6 g 0
Total Fat 9.4 g 37.7 g 0
Saturated Fat 5.3 g 21 g 0
Trans 0 0 0
Polyunsaturated 0 0 0
Mono Unsaturated 0 0 0
Carbohydrate 13.1 g 52.5 g 0
Sugars 12.6 g 50.3 g 0
Dietary Fibre Total 0 0 0
Sodium 29 mg 117 mg 0
*Percentage Daily Intake per serving. Percentage Daily Intakes are based on an average adult diet of 8700 kJ. Your daily intakes may be higher or lower depending on your energy needs.
Disclaimer:
Product details, including nutritional information and country of origin, may change from time to time and so the product you receive in your order may not reflect the information on this page. Please check the packaging on any product you purchase and if it's not what you expected, feel free to return it for a full refund.
Details
Ingredients:
PRODUCT CONTAINS MILK CHOCOLATE (48%), VANILLA FLAVOURED CREME (46%), OREO BISCUIT PIECES (4.1%).INGREDIENTS: FULL CREAM MILK, SUGAR, VEGETABLE FAT, MILK SOLIDS, COCOA MASS, COCOA BUTTER, BISCUIT PIECES (WHEAT FLOUR, SUGAR, VEGETABLE OIL, COCOA POWDER, GLUCOSE FRUCTOSE SYRUP, WHEAT STARCH, SALT, RAISING AGENTS (503, 500), ACIDITY REGULATOR (501), EMULSIFIERS (SOY LECITHIN, SUNFLOWER LECITHIN), FLAVOUR, ANTIOXIDANTS (307b, 304)), EMULSIFIERS (442, SOY LECITHIN, 476, SUNFLOWER LECITHIN), FLAVOURS.
Contains:
MILK CHOCOLATE CONTAINS COCOA SOLIDS 23%, MILK SOLIDS 23%.
Allergen:
May Be Present Tree Nuts, Contains Gluten, Contains Soy, Contains Wheat, Contains Milk
Servings Per Pack:
4.48
Storage Instructions:
PLEASE STORE IN COOL, DRY CONDITIONS.
Size:
112g
Code: 2799011P
2 7 9 9 0 1 1 P
Customers also purchased
Cadbury Crunchie Easter Eggs Bag 110g on special
Cadbury Crunchie Easter Eggs Bag
110g on special
$3.00
save
$2.00
110g $2.73 per 100G
Unit Price
Add
1
for $3.00

Cadbury Creme Eggs Minis Easter Bag 110g on special
Cadbury Creme Eggs Minis Easter Bag
110g on special
$3.00
save
$2.00
110g $2.73 per 100G
Unit Price
Add
1
for $3.00

Cadbury Turkish Delight Easter Eggs Bag 117g on special
Cadbury Turkish Delight Easter Eggs Bag
117g on special
$3.00
save
$2.00
117g $2.56 per 100G
Unit Price
Add
1
for $3.00

Cadbury Caramello Easter Eggs Bag 117g on special
Cadbury Caramello Easter Eggs Bag
117g on special
$3.00
save
$2.00
117g $2.56 per 100G
Unit Price
Add
1
for $3.00"	['/wcsstore/Coles-CAS/images/2/7/9/2799011-th.jpg', '/wcsstore/Coles-CAS/images/2/7/9/2799011_B-th.jpg']
Cadbury	Turkish Delight Easter Eggs Bag	$ 3 .00	117g	$2.56 per 100G	"Nutrition Facts
Serving size: 1 serving = 25g
Qty
Quantity
per serving Qty
Quantity
per 100g / 100ml %
Percentage
daily intake*
Energy 500 kJ 2000 kJ 0
Energy Cal 0 0 0
Protein 0 g 2.1 g 0
Total Fat 5.5 g 21.8 g 0
Saturated Fat 3.3 g 13.3 g 0
Trans 0 0 0
Polyunsaturated 0 0 0
Mono Unsaturated 0 0 0
Carbohydrate 16.8 g 67.3 g 0
Sugars 16.2 g 64.7 g 0
Dietary Fibre Total 0 0 0
Sodium 17 mg 68 mg 0
*Percentage Daily Intake per serving. Percentage Daily Intakes are based on an average adult diet of 8700 kJ. Your daily intakes may be higher or lower depending on your energy needs.
Disclaimer:
Product details, including nutritional information and country of origin, may change from time to time and so the product you receive in your order may not reflect the information on this page. Please check the packaging on any product you purchase and if it's not what you expected, feel free to return it for a full refund.
Details
Ingredients:
PRODUCT CONTAINS MILK CHOCOLATE (75%), TURKISH DELIGHT JELLY CENTRE (25%).INGREDIENTS: SUGAR, MILK SOLIDS, COCOA BUTTER, COCOA MASS, INVERT SUGAR, GLUCOSE SYRUP, EMULSIFIERS (SOY LECITHIN, 476), GELLING AGENTS (440, 341), ACIDITY REGULATORS (330, 331, 450), FLAVOURS, COLOUR (160c).
Contains:
MILK CHOCOLATE CONTAINS COCOA SOLIDS 26%, MILK SOLIDS 23%.
Allergen:
May Be Present Tree Nuts, May Be Present Peanuts, Contains Soy, Contains Milk
Servings Per Pack:
4.68
Storage Instructions:
PLEASE STORE IN COOL, DRY CONDITIONS.
Size:
117g
Code: 6070621P
6 0 7 0 6 2 1 P
Customers also purchased
Cadbury Mint Easter Eggs Bag 115g on special
Cadbury Mint Easter Eggs Bag
115g on special
$3.00
save
$2.00
115g $2.61 per 100G
Unit Price
Add
1
for $3.00

Cadbury Oreo Easter Eggs Bag 112g on special
Cadbury Oreo Easter Eggs Bag
112g on special
$3.00
save
$2.00
112g $2.68 per 100G
Unit Price
Add
1
for $3.00

Cadbury Caramello Easter Eggs Bag 117g on special
Cadbury Caramello Easter Eggs Bag
117g on special
$3.00
save
$2.00
117g $2.56 per 100G
Unit Price
Add
1
for $3.00

Cadbury Strawberry Easter Eggs Bag 118g on special
Cadbury Strawberry Easter Eggs Bag
118g on special
$3.00
save
$2.00
118g $2.54 per 100G
Unit Price
Add
1
for $3.00"	['/wcsstore/Coles-CAS/images/6/0/7/6070621-th.jpg', '/wcsstore/Coles-CAS/images/6/0/7/6070621_B-th.jpg']
Cadbury	Creme Eggs Minis Easter Bag	$ 3 .00	110g	$2.73 per 100G	"Nutrition Facts
Serving size: 1 serving = 25g
Qty
Quantity
per serving Qty
Quantity
per 100g / 100ml %
Percentage
daily intake*
Energy 499 kJ 2000 kJ 0
Energy Cal 0 0 0
Protein 0 g 1.9 g 0
Total Fat 5.1 g 20.3 g 0
Saturated Fat 3.1 g 12.4 g 0
Trans 0 0 0
Polyunsaturated 0 0 0
Mono Unsaturated 0 0 0
Carbohydrate 17.6 g 70.6 g 0
Sugars 16.9 g 67.5 g 0
Dietary Fibre Total 0 0 0
Sodium 15 mg 59 mg 0
*Percentage Daily Intake per serving. Percentage Daily Intakes are based on an average adult diet of 8700 kJ. Your daily intakes may be higher or lower depending on your energy needs.
Disclaimer:
Product details, including nutritional information and country of origin, may change from time to time and so the product you receive in your order may not reflect the information on this page. Please check the packaging on any product you purchase and if it's not what you expected, feel free to return it for a full refund.
Details
Ingredients:
PRODUCT CONTAINS MILK CHOCOLATE (70%), FONDANT CENTRE (30%).INGREDIENTS: SUGAR, MILK SOLIDS, COCOA BUTTER, COCOA MASS, INVERT SUGAR, GLUCOSE SYRUP, EMULSIFIERS (SOY LECITHIN, 476), HUMECTANT (422), PRESERVATIVE (202), FOOD ACID (260), FLAVOURS, COLOUR (100).
Contains:
MILK CHOCOLATE CONTAINS COCOA SOLIDS 26%, MILK SOLIDS 23%.
Allergen:
May Be Present Tree Nuts, May Be Present Peanuts, Contains Soy, Contains Milk
Servings Per Pack:
4.4
Storage Instructions:
PLEASE STORE IN COOL, DRY CONDITIONS.
Size:
110g
Warning:
NOT ALL VARIETIES OF THIS PRODUCT HAVE THE SAME ALLERGENS Not all varieties of this product have the same allergens. More information at cadbury.com.au, cadbury.co.nz
Code: 7283898P
7 2 8 3 8 9 8 P
Customers also purchased
Cadbury Crunchie Easter Eggs Bag 110g on special
Cadbury Crunchie Easter Eggs Bag
110g on special
$3.00
save
$2.00
110g $2.73 per 100G
Unit Price
Add
1
for $3.00

Cadbury Oreo Easter Eggs Bag 112g on special
Cadbury Oreo Easter Eggs Bag
112g on special
$3.00
save
$2.00
112g $2.68 per 100G
Unit Price
Add
1
for $3.00

Cadbury Turkish Delight Easter Eggs Bag 117g on special
Cadbury Turkish Delight Easter Eggs Bag
117g on special
$3.00
save
$2.00
117g $2.56 per 100G
Unit Price
Add
1
for $3.00

Cadbury Caramello Easter Eggs Bag 117g on special
Cadbury Caramello Easter Eggs Bag
117g on special
$3.00
save
$2.00
117g $2.56 per 100G
Unit Price
Add
1
for $3.00"	[]
Cadbury	Caramello Easter Eggs Bag	$ 3 .00	117g	$2.56 per 100G	"Nutrition Facts
Serving size: 1 serving = 25g
Qty
Quantity
per serving Qty
Quantity
per 100g / 100ml %
Percentage
daily intake*
Energy 510 kJ 2040 kJ 0
Energy Cal 0 0 0
Protein 1.5 g 5.8 g 0
Total Fat 6.2 g 24.7 g 0
Saturated Fat 3.7 g 14.9 g 0
Trans 0 0 0
Polyunsaturated 0 0 0
Mono Unsaturated 0 0 0
Carbohydrate 14.9 g 59.7 g 0
Sugars 12.4 g 49.5 g 0
Dietary Fibre Total 0 0 0
Sodium 26 mg 104 mg 0
*Percentage Daily Intake per serving. Percentage Daily Intakes are based on an average adult diet of 8700 kJ. Your daily intakes may be higher or lower depending on your energy needs.
Disclaimer:
Product details, including nutritional information and country of origin, may change from time to time and so the product you receive in your order may not reflect the information on this page. Please check the packaging on any product you purchase and if it's not what you expected, feel free to return it for a full refund.
Details
Ingredients:
PRODUCT CONTAINS MILK CHOCOLATE (70%), CARAMEL (30%).INGREDIENTS: FULL CREAM MILK, SUGAR, GLUCOSE SYRUP, COCOA BUTTER, COCOA MASS, MILK SOLIDS, SWEETENED CONDENSED MILK (MILK, SUGAR), VEGETABLE FAT, INVERT SUGAR, EMULSIFIERS (SOY LECITHIN, 476, 471), ACIDITY REGULATOR (331), FLAVOURS, SALT.
Contains:
MILK CHOCOLATE CONTAINS COCOA SOLIDS 28%, MILK SOLIDS MINIMUM 24%.
Allergen:
May Be Present Tree Nuts, May Be Present Peanuts, Contains Soy, Contains Milk
Servings Per Pack:
4.68
Storage Instructions:
PLEASE STORE IN COOL, DRY CONDITIONS.
Size:
117g
Code: 4885431P
4 8 8 5 4 3 1 P
Customers also purchased
Cadbury Crunchie Easter Eggs Bag 110g on special
Cadbury Crunchie Easter Eggs Bag
110g on special
$3.00
save
$2.00
110g $2.73 per 100G
Unit Price
Add
1
for $3.00

Cadbury Oreo Easter Eggs Bag 112g on special
Cadbury Oreo Easter Eggs Bag
112g on special
$3.00
save
$2.00
112g $2.68 per 100G
Unit Price
Add
1
for $3.00

Cadbury Creme Eggs Minis Easter Bag 110g on special
Cadbury Creme Eggs Minis Easter Bag
110g on special
$3.00
save
$2.00
110g $2.73 per 100G
Unit Price
Add
1
for $3.00

Cadbury Turkish Delight Easter Eggs Bag 117g on special
Cadbury Turkish Delight Easter Eggs Bag
117g on special
$3.00
save
$2.00
117g $2.56 per 100G
Unit Price
Add
1
for $3.00"	['/wcsstore/Coles-CAS/images/4/8/8/4885431-th.jpg', '/wcsstore/Coles-CAS/images/4/8/8/4885431_B-th.jpg']
Cadbury	Crunchie Easter Eggs Bag	$ 3 .00	110g	$2.73 per 100G	"Nutrition Facts
Serving size: 1 serving = 25g
Qty
Quantity
per serving Qty
Quantity
per 100g / 100ml %
Percentage
daily intake*
Energy 547 kJ 2190 kJ 0
Energy Cal 0 0 0
Protein 0 g 2.6 g 0
Total Fat 6.8 g 27.3 g 0
Saturated Fat 4.2 g 16.6 g 0
Trans 0 0 0
Polyunsaturated 0 0 0
Mono Unsaturated 0 0 0
Carbohydrate 16.5 g 65.9 g 0
Sugars 15.9 g 63.4 g 0
Dietary Fibre Total 0 0 0
Sodium 22 mg 86 mg 0
*Percentage Daily Intake per serving. Percentage Daily Intakes are based on an average adult diet of 8700 kJ. Your daily intakes may be higher or lower depending on your energy needs.
Disclaimer:
Product details, including nutritional information and country of origin, may change from time to time and so the product you receive in your order may not reflect the information on this page. Please check the packaging on any product you purchase and if it's not what you expected, feel free to return it for a full refund.
Details
Ingredients:
PRODUCT CONTAINS MILK CHOCOLATE (94%), CRUNCHIE PIECES (6%).INGREDIENTS: SUGAR, MILK SOLIDS, COCOA BUTTER, COCOA MASS, CRUNCHIE PIECES (SUGAR, GLUCOSE SYRUP, RAISING AGENT (500), HYDROLYSED MILK PROTEIN), EMULSIFIERS (SOY LECITHIN, 476), FLAVOURS.
Contains:
MILK CHOCOLATE CONTAINS COCOA SOLIDS 26%, MILK SOLIDS 23%.
Allergen:
May Be Present Tree Nuts, May Be Present Peanuts, May Be Present Wheat, May Be Present Gluten, Contains Soy, Contains Milk
Servings Per Pack:
4.4
Storage Instructions:
PLEASE STORE IN COOL, DRY CONDITIONS.
Size:
110g
Code: 6054002P
6 0 5 4 0 0 2 P
Customers also purchased
Cadbury Caramilk Easter Eggs Bag 113g on special
Cadbury Caramilk Easter Eggs Bag
113g on special
$3.00
save
$2.00
113g $2.65 per 100G
Unit Price
Add
1
for $3.00

Cadbury Oreo Easter Eggs Bag 112g on special
Cadbury Oreo Easter Eggs Bag
112g on special
$3.00
save
$2.00
112g $2.68 per 100G
Unit Price
Add
1
for $3.00

Cadbury Creme Eggs Minis Easter Bag 110g on special
Cadbury Creme Eggs Minis Easter Bag
110g on special
$3.00
save
$2.00
110g $2.73 per 100G
Unit Price
Add
1
for $3.00

Cadbury Caramello Easter Eggs Bag 117g on special
Cadbury Caramello Easter Eggs Bag
117g on special
$3.00
save
$2.00
117g $2.56 per 100G
Unit Price
Add
1
for $3.00"	['/wcsstore/Coles-CAS/images/6/0/5/6054002-th.jpg', '/wcsstore/Coles-CAS/images/6/0/5/6054002_B-th.jpg']
Cadbury	Marshmallow Easter Egg	$ 1 .00	35g	$2.86 per 100G	"Nutrition Facts
Serving size: 1 serving = 35g
Qty
Quantity
per serving Qty
Quantity
per 100g / 100ml %
Percentage
daily intake*
Energy 568 kJ 1620 kJ 0
Energy Cal 0 0 0
Protein
Less than
< 1.0 g 2.4 g 0
Total Fat 3.1 g 8.8 g 0
Saturated Fat 1.9 g 5.4 g 0
Trans 0 0 0
Polyunsaturated 0 0 0
Mono Unsaturated 0 0 0
Carbohydrate 25.7 g 73.5 g 0
Sugars 20.8 g 59.5 g 0
Dietary Fibre Total 0 0 0
Sodium 12 mg 33 mg 0
*Percentage Daily Intake per serving. Percentage Daily Intakes are based on an average adult diet of 8700 kJ. Your daily intakes may be higher or lower depending on your energy needs.
Disclaimer:
Product details, including nutritional information and country of origin, may change from time to time and so the product you receive in your order may not reflect the information on this page. Please check the packaging on any product you purchase and if it's not what you expected, feel free to return it for a full refund.
Details
Country of Origin:
Made In Australia
Ingredients:
PRODUCT CONTAINS MARSHMALLOW (69%), MILK CHOCOLATE (31%).INGREDIENTS: SUGAR, GLUCOSE SYRUP, INVERT SUGAR, MILKSOLIDS, WATER, COCOA BUTTER, COCOA MASS, GELATINE, EMULSIFIERS (SOYLECITHIN, 476), COLOURS (100,160a), FLAVOURS, CORNSTARCH.
Contains:
MILK CHOCOLATE CONTAINS COCOA SOLIDS 26%, MILK SOLIDS 23%.
Allergen:
May Be Present Tree Nuts, May Be Present Peanuts, Contains Soy, Contains Milk
Servings Per Pack:
1.0
Storage Instructions:
PLEASE STORE IN COOL, DRY CONDITIONS.
Size:
35g
Code: 3668904P
3 6 6 8 9 0 4 P
Customers also purchased
Kinder Chicks 35g on special twenty five percent off
Kinder Chicks
35g on special twenty five percent off
$1.50
save
$0.50
35g $4.29 per 100G
Unit Price
Add
1
for $1.50

Violet Crumble Bunny 30g on special
Violet Crumble Bunny
30g on special
$1.00
save
$0.25
30g $3.33 per 100G
Unit Price
Add
1
for $1.00

Kinder Surprise Chocolate Easter Bunny Blue 75g on special twenty percent off
Kinder Surprise Chocolate Easter Bunny Blue
75g on special twenty percent off
$4.00
save
$1.00
75g $5.33 per 100G
Unit Price
Add
1
for $4.00

Red Tulip Easter Rabbit 200g on special
Red Tulip Easter Rabbit
200g on special
buy 2 for $10.00
2 for
$ 10
regular price
$8.00 ea
each
200g $4.00 per 100G
Unit Price
Add
2
for $10.00"	['/wcsstore/Coles-CAS/images/3/6/6/3668904-th.jpg', '/wcsstore/Coles-CAS/images/3/6/6/3668904_L-th.jpg', '/wcsstore/Coles-CAS/images/3/6/6/3668904_R-th.jpg', '/wcsstore/Coles-CAS/images/3/6/6/3668904_B-th.jpg']
Cadbury	Mint Easter Eggs Bag	$ 3 .00	115g	$2.61 per 100G	"Nutrition Facts
Serving size: 1 serving = 25g
Qty
Quantity
per serving Qty
Quantity
per 100g / 100ml %
Percentage
daily intake*
Energy 509 kJ 2040 kJ 0
Energy Cal 0 0 0
Protein 1.4 g 5.7 g 0
Total Fat 6.2 g 24.7 g 0
Saturated Fat 3.7 g 14.7 g 0
Trans 0 0 0
Polyunsaturated 0 0 0
Mono Unsaturated 0 0 0
Carbohydrate 14.9 g 59.6 g 0
Sugars 12.4 g 49.4 g 0
Dietary Fibre Total 0 0 0
Sodium 26 mg 104 mg 0
*Percentage Daily Intake per serving. Percentage Daily Intakes are based on an average adult diet of 8700 kJ. Your daily intakes may be higher or lower depending on your energy needs.
Disclaimer:
Product details, including nutritional information and country of origin, may change from time to time and so the product you receive in your order may not reflect the information on this page. Please check the packaging on any product you purchase and if it's not what you expected, feel free to return it for a full refund.
Details
Ingredients:
PRODUCT CONTAINS MILK CHOCOLATE (70%), PEPPERMINT FLAVOURED CENTRE (30%).INGREDIENTS: FULL CREAM MILK, SUGAR, GLUCOSE SYRUP, COCOA BUTTER, COCOA MASS, MILK SOLIDS, SWEETENED CONDENSED MILK MILK, SUGAR), VEGETABLE FAT, INVERT SUGAR, EMULSIFIERS (SOY LECITHIN, 476, 471), FLAVOURS, ACIDITY REGULATOR (331), COLOUR (141), SALT.
Contains:
MILK CHOCOLATE CONTAINS COCOA SOLIDS 28%, MILK SOLIDS MINIMUM 24%.
Allergen:
May Be Present Tree Nuts, May Be Present Peanuts, Contains Soy, Contains Milk
Servings Per Pack:
4.6
Storage Instructions:
PLEASE STORE IN COOL, DRY CONDITIONS.
Size:
115g
Code: 3654284P
3 6 5 4 2 8 4 P"	['/wcsstore/Coles-CAS/images/3/6/5/3654284-th.jpg', '/wcsstore/Coles-CAS/images/3/6/5/3654284_B-th.jpg']
Cadbury	Creme Egg 6-Pack Easter Eggs Bag	$ 6 .00	240g	$2.50 per 100G	"Nutrition Facts
Serving size: 1 serving = 40g
Qty
Quantity
per serving Qty
Quantity
per 100g / 100ml %
Percentage
daily intake*
Energy 743 kJ 1860 kJ 0
Energy Cal 0 0 0
Protein 1.2 g 3.1 g 0
Total Fat 6.2 g 15.4 g 0
Saturated Fat 3.5 g 8.8 g 0
Trans 0 0 0
Polyunsaturated 0 0 0
Mono Unsaturated 0 0 0
Carbohydrate 28.7 g 71.8 g 0
Sugars 26.1 g 65.3 g 0
Dietary Fibre Total 0 0 0
Sodium 23 mg 58 mg 0
*Percentage Daily Intake per serving. Percentage Daily Intakes are based on an average adult diet of 8700 kJ. Your daily intakes may be higher or lower depending on your energy needs.
Disclaimer:
Product details, including nutritional information and country of origin, may change from time to time and so the product you receive in your order may not reflect the information on this page. Please check the packaging on any product you purchase and if it's not what you expected, feel free to return it for a full refund.
Details
Ingredients:
PRODUCT CONTAINS MILK CHOCOLATE (53%), FONDANT CENTRE (47%).INGREDIENTS: SUGAR, MILK SOLIDS, WHEAT GLUCOSE SYRUP, COCOA BUTTER, COCOA MASS, INVERT SUGAR, VEGETABLE OIL, EMULSIFIERS (442, SOY LECITHIN), EGG ALBUMEN, FLAVOURS, COLOUR (160c).
Contains:
MILK CHOCOLATE CONTAINS COCOA SOLIDS 25%, MILK SOLIDS 21%.
Allergen:
Contains Egg, May Be Present Tree Nuts, May Be Present Peanuts, Contains Gluten, Contains Soy, Contains Wheat, Contains Milk
Servings Per Pack:
6.0
Storage Instructions:
PLEASE STORE IN COOL, DRY CONDITIONS.
Size:
240g
Warning:
NOT ALL VARIETIES OF THIS PRODUCT HAVE THE SAME ALLERGENS
Code: 7743499P
7 7 4 3 4 9 9 P
Customers also purchased
Cadbury Mini Eggs Easter Eggs Bag 125g on special
Cadbury Mini Eggs Easter Eggs Bag
125g on special
$3.00
save
$2.00
125g $2.40 per 100G
Unit Price
Add
1
for $3.00

Cadbury Caramilk Easter Eggs Bag 235g on special
Cadbury Caramilk Easter Eggs Bag
235g on special
$6.00
save
$3.00
235g $2.55 per 100G
Unit Price
Add
1
for $6.00

Cadbury Dairy Milk Easter Eggs Bag 243g on special
Cadbury Dairy Milk Easter Eggs Bag
243g on special
$6.00
save
$3.00
243g $2.47 per 100G
Unit Price
Add
1
for $6.00

Cadbury Selections Easter Eggs Bag 230g on special
Cadbury Selections Easter Eggs Bag
230g on special
$6.00
save
$3.00
230g $2.61 per 100G
Unit Price
Add
1
for $6.00"	['/wcsstore/Coles-CAS/images/7/7/4/7743499-th.jpg', '/wcsstore/Coles-CAS/images/7/7/4/7743499_B-th.jpg']
Ferrero	Rocher Hazelnut Chocolate Easter Eggs	$ 5 .00	100g	$5.00 per 100G	"Nutrition Facts
Serving size: 1 serving = 10g
Qty
Quantity
per serving Qty
Quantity
per 100g / 100ml %
Percentage
daily intake*
Energy 239kJ 2385kJ
Not provided
Protein 0.7g 7g
Not provided
Total Fat 3.8g 37.8g
Not provided
Saturated Fat 1.9g 18.9g
Not provided
Carbohydrate 5.1g 51g
Not provided
Sugars 4.6g 46.3g
Not provided
Sodium 9mg 85mg
Not provided
*Percentage Daily Intake per serving. Percentage Daily Intakes are based on an average adult diet of 8700 kJ. Your daily intakes may be higher or lower depending on your energy needs.
Disclaimer:
Product details, including nutritional information and country of origin, may change from time to time and so the product you receive in your order may not reflect the information on this page. Please check the packaging on any product you purchase and if it's not what you expected, feel free to return it for a full refund.
Details
Country of Origin:
Made in ITALY
Ingredients:
Ingredients: Milk Chocolate (52.5%) (Sugar, Milk Powder, Cocoa Butter, Cocoa Mass, Emulsifier: Lecithins (Soy), Flavouring: Vanillin), Sugar, Vegetable Oil (Palm*), Hazelnuts (9.5%), Whey Powder, Wheat Flour, Fat-Reduced Cocoa Powder, Milk Powder, Emulsifier (Lecithins) (Soy), Skim Milk Powder, Raising Agent (Sodium Bicarbonate), Flavouring (Vanillin), Salt. Milk Chocolate Contains Cocoa Solids 30.5% Min., Milk Solids 24.5% Min. Wafer: 5%. *Sustainable and segregated certified palm oil.
Contains:
Milk, Hazelnuts, Wheat (Gluten), Soy.
Allergen:
Contains Hazelnuts, Contains Gluten, Contains Soy, Contains Wheat, Contains Milk
Storage Instructions:
Store in a cool dry place, away from direct sunlight.
Size:
100g
Code: 1651536P
1 6 5 1 5 3 6 P"	['/wcsstore/Coles-CAS/images/1/6/5/1651536-th.jpg', '/wcsstore/Coles-CAS/images/1/6/5/1651536_B-th.jpg']
Cadbury	Caramilk Easter Eggs Bag	$ 3 .00	113g	$2.65 per 100G	"Nutrition Facts
Serving size: 1 serving = 25g
Qty
Quantity
per serving Qty
Quantity
per 100g / 100ml %
Percentage
daily intake*
Energy 578 kJ 2310 kJ 0
Energy Cal 0 0 0
Protein 1.8 g 7.1 g 0
Total Fat 8.2 g 32.7 g 0
Saturated Fat 4.9 g 19.6 g 0
Trans 0 0 0
Polyunsaturated 0 0 0
Mono Unsaturated 0 0 0
Carbohydrate 14.4 g 57.7 g 0
Sugars 14.4 g 57.7 g 0
Dietary Fibre Total 0 0 0
Sodium 22 mg 87 mg 0
*Percentage Daily Intake per serving. Percentage Daily Intakes are based on an average adult diet of 8700 kJ. Your daily intakes may be higher or lower depending on your energy needs.
Disclaimer:
Product details, including nutritional information and country of origin, may change from time to time and so the product you receive in your order may not reflect the information on this page. Please check the packaging on any product you purchase and if it's not what you expected, feel free to return it for a full refund.
Details
Country of Origin:
Made in Australia
Ingredients:
INGREDIENTS: FULL CREAM MILK, SUGAR, COCOA BUTTER, MILK SOLIDS, EMULSIFIERS (SOY LECITHIN, 476), FLAVOUR.
Contains:
WHITE CHOCOLATE CONTAINS COCOA SOLIDS 23%, MILK SOLIDS 29%.
Allergen:
May Be Present Tree Nuts, May Be Present Peanuts, Contains Soy, Contains Milk
Servings Per Pack:
4.52
Storage Instructions:
PLEASE STORE IN COOL, DRY CONDITIONS.
Size:
113g
Code: 3956330P
3 9 5 6 3 3 0 P
Customers also purchased
Cadbury Crunchie Easter Eggs Bag 110g on special
Cadbury Crunchie Easter Eggs Bag
110g on special
$3.00
save
$2.00
110g $2.73 per 100G
Unit Price
Add
1
for $3.00

Cadbury Oreo Easter Eggs Bag 112g on special
Cadbury Oreo Easter Eggs Bag
112g on special
$3.00
save
$2.00
112g $2.68 per 100G
Unit Price
Add
1
for $3.00

Cadbury Creme Eggs Minis Easter Bag 110g on special
Cadbury Creme Eggs Minis Easter Bag
110g on special
$3.00
save
$2.00
110g $2.73 per 100G
Unit Price
Add
1
for $3.00

Cadbury Caramello Easter Eggs Bag 117g on special
Cadbury Caramello Easter Eggs Bag
117g on special
$3.00
save
$2.00
117g $2.56 per 100G
Unit Price
Add
1
for $3.00"	['/wcsstore/Coles-CAS/images/3/9/5/3956330-th.jpg', '/wcsstore/Coles-CAS/images/3/9/5/3956330_B-th.jpg']
Cadbury	Strawberry Easter Eggs Bag	$ 3 .00	118g	$2.54 per 100G	"Nutrition Facts
Serving size: 1 serving = 25g
Qty
Quantity
per serving Qty
Quantity
per 100g / 100ml %
Percentage
daily intake*
Energy 513 kJ 2050 kJ 0
Energy Cal 0 0 0
Protein 1.4 g 5.7 g 0
Total Fat 5.8 g 23.2 g 0
Saturated Fat 3.5 g 13.9 g 0
Trans 0 0 0
Polyunsaturated 0 0 0
Mono Unsaturated 0 0 0
Carbohydrate 15.9 g 63.8 g 0
Sugars 15.2 g 60.7 g 0
Dietary Fibre Total 0 0 0
Sodium 16 mg 62 mg 0
*Percentage Daily Intake per serving. Percentage Daily Intakes are based on an average adult diet of 8700 kJ. Your daily intakes may be higher or lower depending on your energy needs.
Disclaimer:
Product details, including nutritional information and country of origin, may change from time to time and so the product you receive in your order may not reflect the information on this page. Please check the packaging on any product you purchase and if it's not what you expected, feel free to return it for a full refund.
Details
Country of Origin:
Made in AUSTRALIA
Ingredients:
PRODUCT CONTAINS MILK CHOCOLATE (75%), STRAWBERRY FLAVOURED FONDANT CENTRE (25%).INGREDIENTS: FULL CREAM MILK, SUGAR, COCOA BUTTER, COCOA MASS, MILK SOLIDS, INVERT SUGAR, GLUCOSE SYRUP, EMULSIFIERS (SOY LECITHIN, 476), COLOUR (163), FLAVOURS, PRESERVATIVE (202), FOOD ACID (260).
Contains:
MILK CHOCOLATE CONTAINS COCOA SOLIDS 28%, MILK SOLIDS MINIMUM 24%.
Allergen:
May Be Present Tree Nuts, May Be Present Peanuts, Contains Soy, Contains Milk
Servings Per Pack:
4.72
Storage Instructions:
PLEASE STORE IN COOL, DRY CONDITIONS.
Size:
118g
Code: 5768397P
5 7 6 8 3 9 7 P
Customers also purchased
Cadbury Mint Easter Eggs Bag 115g on special
Cadbury Mint Easter Eggs Bag
115g on special
$3.00
save
$2.00
115g $2.61 per 100G
Unit Price
Add
1
for $3.00

Cadbury Creme Eggs Minis Easter Bag 110g on special
Cadbury Creme Eggs Minis Easter Bag
110g on special
$3.00
save
$2.00
110g $2.73 per 100G
Unit Price
Add
1
for $3.00

Cadbury Turkish Delight Easter Eggs Bag 117g on special
Cadbury Turkish Delight Easter Eggs Bag
117g on special
$3.00
save
$2.00
117g $2.56 per 100G
Unit Price
Add
1
for $3.00

Cadbury Caramello Easter Eggs Bag 117g on special
Cadbury Caramello Easter Eggs Bag
117g on special
$3.00
save
$2.00
117g $2.56 per 100G
Unit Price
Add
1
for $3.00"	['/wcsstore/Coles-CAS/images/5/7/6/5768397-th.jpg', '/wcsstore/Coles-CAS/images/5/7/6/5768397_B-th.jpg']
Darrell Lea	Nougat Egg Milk Chocolate	$ 8 .50	150g	$5.67 per 100G	"Disclaimer:
Product details, including nutritional information and country of origin, may change from time to time and so the product you receive in your order may not reflect the information on this page. Please check the packaging on any product you purchase and if it's not what you expected, feel free to return it for a full refund.
Details
Country of Origin:
Made in Australia
Dimensions:
130 x 100 x 65mm
Code: 1646296P
1 6 4 6 2 9 6 P
Customers also purchased
Nestle Kitkat Milk Choc Easter Egg Gift Box 173g on special
Nestle Kitkat Milk Choc Easter Egg Gift Box
173g on special
$8.00
save
$2.00
173g $4.62 per 100G
Unit Price
Add
1
for $8.00

Cadbury Creme Egg Easter Gift Box 193g
Cadbury Creme Egg Easter Gift Box
193g
$10.00
193g $5.18 per 100G
Unit Price
Add
1
for $10.00

Nestle Milkybar White Chocolate Easter Egg Gift Box 168g on special
Nestle Milkybar White Chocolate Easter Egg Gift Box
168g on special
$8.00
save
$2.00
168g $4.76 per 100G
Unit Price
Add
1
for $8.00

Cadbury Humpty Easter Gift Box 130g on special
Cadbury Humpty Easter Gift Box
130g on special
buy any 2 for $10.00
Any 2
$ 10
regular price
$7.00 ea
each
130g $5.38 per 100G
Unit Price
Pick any 2 for $10.00 ..."	[]
Cadbury	Caramilk Easter Eggs Bag	$ 6 .00	235g	$2.55 per 100G	"Nutrition Facts
Serving size: 1 serving = 25g
Qty
Quantity
per serving Qty
Quantity
per 100g / 100ml %
Percentage
daily intake*
Energy 578 kJ 2310 kJ 0
Energy Cal 0 0 0
Protein 1.8 g 7.1 g 0
Total Fat 8.2 g 32.7 g 0
Saturated Fat 4.9 g 19.6 g 0
Trans 0 0 0
Polyunsaturated 0 0 0
Mono Unsaturated 0 0 0
Carbohydrate 14.4 g 57.7 g 0
Sugars 14.4 g 57.7 g 0
Dietary Fibre Total 0 0 0
Sodium 22 mg 87 mg 0
*Percentage Daily Intake per serving. Percentage Daily Intakes are based on an average adult diet of 8700 kJ. Your daily intakes may be higher or lower depending on your energy needs.
Disclaimer:
Product details, including nutritional information and country of origin, may change from time to time and so the product you receive in your order may not reflect the information on this page. Please check the packaging on any product you purchase and if it's not what you expected, feel free to return it for a full refund.
Details
Country of Origin:
Made in Australia
Ingredients:
INGREDIENTS: FULL CREAM MILK, SUGAR, COCOA BUTTER, MILK SOLIDS, EMULSIFIERS (SOY LECITHIN, 476), FLAVOUR.
Contains:
WHITE CHOCOLATE CONTAINS COCOA SOLIDS 23%, MILK SOLIDS 29%.
Allergen:
May Be Present Tree Nuts, May Be Present Peanuts, Contains Soy, Contains Milk
Servings Per Pack:
9.4
Storage Instructions:
PLEASE STORE IN COOL, DRY CONDITIONS.
Size:
235g
Code: 3655120P
3 6 5 5 1 2 0 P
Customers also purchased
Cadbury Oreo Easter Eggs Bag 112g on special
Cadbury Oreo Easter Eggs Bag
112g on special
$3.00
save
$2.00
112g $2.68 per 100G
Unit Price
Add
1
for $3.00

Cadbury Creme Egg 6-Pack Easter Eggs Bag 240g on special
Cadbury Creme Egg 6-Pack Easter Eggs Bag
240g on special
$6.00
save
$2.00
240g $2.50 per 100G
Unit Price
Add
1
for $6.00

Cadbury Dairy Milk Easter Eggs Bag 243g on special
Cadbury Dairy Milk Easter Eggs Bag
243g on special
$6.00
save
$3.00
243g $2.47 per 100G
Unit Price
Add
1
for $6.00

Cadbury Selections Easter Eggs Bag 230g on special
Cadbury Selections Easter Eggs Bag
230g on special
$6.00
save
$3.00
230g $2.61 per 100G
Unit Price
Add
1
for $6.00"	['/wcsstore/Coles-CAS/images/3/6/5/3655120-th.jpg', '/wcsstore/Coles-CAS/images/3/6/5/3655120_B-th.jpg']
Cadbury	Selections Easter Eggs Bag	$ 6 .00	230g	$2.61 per 100G	"Nutrition Facts
Serving size: 1 serving = 25g
Qty
Quantity
per serving Qty
Quantity
per 100g / 100ml %
Percentage
daily intake*
Energy 525 KJ 2100 KJ 0
Energy Cal 0 0 0
Protein 1.1 G 4.4 G 0
Total Fat 6.4 G 25.6 G 0
Saturated Fat 3.9 G 15.5 G 0
Trans 0 0 0
Polyunsaturated 0 0 0
Mono Unsaturated 0 0 0
Carbohydrate 15.6 G 62.5 G 0
Sugars 14.5 G 57.9 G 0
Dietary Fibre Total 0 0 0
Sodium 22 MG 88 MG 0
*Percentage Daily Intake per serving. Percentage Daily Intakes are based on an average adult diet of 8700 kJ. Your daily intakes may be higher or lower depending on your energy needs.
Disclaimer:
Product details, including nutritional information and country of origin, may change from time to time and so the product you receive in your order may not reflect the information on this page. Please check the packaging on any product you purchase and if it's not what you expected, feel free to return it for a full refund.
Details
Ingredients:
DAIRY MILK MILK CHOCOLATE EGGS INGREDIENTS: FULL CREAM MILK, SUGAR, COCOA BUTTER, COCOA MASS, MILK SOLIDS, EMULSIFIERS (SOY LECITHIN, 476), FLAVOURS. MILK CHOCOLATE CONTAINS COCOA SOLIDS 28%, MILK SOLIDS MINIMUM 24%. CONTAINS MILK, SOY. MAY CONTAIN PEANUTS, TREE NUTS. CRUNCHIE EGGS PRODUCT CONTAINS MILK CHOCOLATE (94%), CRUNCHIE PIECES (6%). INGREDIENTS: SUGAR, MILK SOLIDS, COCOA BUTTER, COCOA MASS, CRUNCHIE PIECES (SUGAR, GLUCOSE SYRUP, RAISING AGENT (500), HYDROLYSED MILK PROTEIN), EMULSIFIERS (SOY LECITHIN, 476), FLAVOURS. MILK CHOCOLATE CONTAINS COCOA SOLIDS 26%, MILK SOLIDS 23%. CONTAINS MILK, SOY. MAY CONTAIN WHEAT, GLUTEN, PEANUTS, TREE NUTS. CARAMELLO EGGS PRODUCT CONTAINS MILK CHOCOLATE (70%), CARAMEL (30%). INGREDIENTS: FULL CREAM MILK, SUGAR, GLUCOSE SYRUP, COCOA BUTTER, COCOA MASS, MILK SOLIDS, SWEETENED CONDENSED MILK (MILK, SUGAR), VEGETABLE FAT, INVERT SUGAR, EMULSIFIERS (SOY LECITHIN, 476, 471), ACIDITY REGULATOR (331), FLAVOURS, SALT. MILK CHOCOLATE CONTAINS COCOA SOLIDS 28%, MILK SOLIDS MINIMUM 24%. CONTAINS MILK, SOY. MAY CONTAIN PEANUTS, TREE NUTS. TURKISH DELIGHT EGGS PRODUCT CONTAINS MILK CHOCOLATE (75%), TURKISH DELIGHT JELLY CENTRE (25%). INGREDIENTS: SUGAR, MILK SOLIDS, COCOA BUTTER, COCOA MASS, INVERT SUGAR, GLUCOSE SYRUP, EMULSIFIERS (SOY LECITHIN, 476), GELLING AGENTS (440, 341), ACIDITY REGULATORS (330, 331, 450), FLAVOURS, COLOUR (160c). MILK CHOCOLATE CONTAINS COCOA SOLIDS 26%, MILK SOLIDS 23%. CONTAINS MILK, SOY. MAY CONTAIN PEANUTS, TREE NUTS.
Allergen:
May Be Present Tree Nuts, May Be Present Peanuts, May Be Present Wheat, May Be Present Gluten, Contains Soy, Contains Milk
Servings Per Pack:
9.2
Storage Instructions:
PLEASE STORE IN COOL, DRY CONDITIONS.
Size:
230g
Warning:
We do not guarantee that all units will be in this pack. Should it be necessary to leave out a particular unit at any time, it will be replaced by another of equal quality.
Code: 4886751P
4 8 8 6 7 5 1 P
Customers also purchased
Cadbury Caramilk Easter Eggs Bag 235g on special
Cadbury Caramilk Easter Eggs Bag
235g on special
$6.00
save
$3.00
235g $2.55 per 100G
Unit Price
Add
1
for $6.00

Cadbury Oreo Easter Eggs Bag 112g on special
Cadbury Oreo Easter Eggs Bag
112g on special
$3.00
save
$2.00
112g $2.68 per 100G
Unit Price
Add
1
for $3.00

Cadbury Creme Egg 6-Pack Easter Eggs Bag 240g on special
Cadbury Creme Egg 6-Pack Easter Eggs Bag
240g on special
$6.00
save
$2.00
240g $2.50 per 100G
Unit Price
Add
1
for $6.00

Cadbury Dairy Milk Easter Eggs Bag 243g on special
Cadbury Dairy Milk Easter Eggs Bag
243g on special
$6.00
save
$3.00
243g $2.47 per 100G
Unit Price
Add
1
for $6.00"	['/wcsstore/Coles-CAS/images/4/8/8/4886751-th.jpg', '/wcsstore/Coles-CAS/images/4/8/8/4886751_B-th.jpg']
M&M?s	Crispy Chocolate Speckled Easter Egg Snack & Share Bag	$ 4 .00	150g	$2.67 per 100G	"Nutrition Facts
Serving size: 1 serving = 25 g
Qty
Quantity
per serving Qty
Quantity
per 100g / 100ml %
Percentage
daily intake*
Energy 519 kJ 1940 kJ
Not provided
Protein 1.6 g 4.9 g
Not provided
Total Fat 5.6 g 15.7 g
Not provided
Saturated Fat 3.5 g 9.7 g
Not provided
Carbohydrate 16.6 g 74.4 g
Not provided
Sugars 14.3 g 59.2 g
Not provided
Sodium 24 mg 167 mg
Not provided
*Percentage Daily Intake per serving. Percentage Daily Intakes are based on an average adult diet of 8700 kJ. Your daily intakes may be higher or lower depending on your energy needs.
Disclaimer:
Product details, including nutritional information and country of origin, may change from time to time and so the product you receive in your order may not reflect the information on this page. Please check the packaging on any product you purchase and if it's not what you expected, feel free to return it for a full refund.
Details
Ingredients:
SUGAR, MILK SOLIDS, COCOA MASS, RICE FLOUR, VEGETABLE FAT, COCOA BUTTER, GLUCOSE SYRUP, MALT EXTRACT (BARLEY), COLOURS (171, 129, 102, 110, 133), EMULSIFIERS (SOY LECITHIN, 476), SALT, VEGETABLE GUM (414), DEXTROSE, THICKENER (1400), GLAZING AGENT (903, VEGETABLE OIL), FLAVOURS, RAISING AGENT (500), PEANUTS.
Servings Per Pack:
6.0
Storage Instructions:
STORE IN A COOL DRY PLACE.
Size:
150 g e
Code: 3953208P
3 9 5 3 2 0 8 P
Customers also purchased
Cadbury Crunchie Easter Eggs Bag 110g on special
Cadbury Crunchie Easter Eggs Bag
110g on special
$3.00
save
$2.00
110g $2.73 per 100G
Unit Price
Add
1
for $3.00

Cadbury Oreo Easter Eggs Bag 112g on special
Cadbury Oreo Easter Eggs Bag
112g on special
$3.00
save
$2.00
112g $2.68 per 100G
Unit Price
Add
1
for $3.00

M&M's Peanut Milk Chocolate Speckled Easter Eggs Share Bag 150g on special
M&M's Peanut Milk Chocolate Speckled Easter Eggs Share Bag
150g on special
$4.00
save
$1.00
150g $2.67 per 100G
Unit Price
Add
1
for $4.00

Cadbury Creme Eggs Minis Easter Bag 110g on special
Cadbury Creme Eggs Minis Easter Bag
110g on special
$3.00
save
$2.00
110g $2.73 per 100G
Unit Price
Add
1
for $3.00"	['/wcsstore/Coles-CAS/images/3/9/5/3953208-th.jpg', '/wcsstore/Coles-CAS/images/3/9/5/3953208_L-th.jpg', '/wcsstore/Coles-CAS/images/3/9/5/3953208_B-th.jpg']
Maltesers	Easter Chocolate Mini Bunnies & Eggs Share Bag	$ 6 .50	220g	$2.95 per 100G	"Nutrition Facts
Serving size: 1 serving = 25g
Qty
Quantity
per serving Qty
Quantity
per 100g / 100ml %
Percentage
daily intake*
Energy 563 kJ 2270 kJ 6%
Energy Cal
Not provided
Not provided
6%
Protein 1.7 g 7.0 g 3%
Total Fat 7.4 g 29.7 g 11%
Saturated Fat 4.4 g 17.7 g 18%
Carbohydrate 15.0 g 60.3 g 5%
Sugars 14.0 g 56.5 g 16%
Sodium 32 mg 130 mg 1%
*Percentage Daily Intake per serving. Percentage Daily Intakes are based on an average adult diet of 8700 kJ. Your daily intakes may be higher or lower depending on your energy needs.
Disclaimer:
Product details, including nutritional information and country of origin, may change from time to time and so the product you receive in your order may not reflect the information on this page. Please check the packaging on any product you purchase and if it's not what you expected, feel free to return it for a full refund.
Details
Ingredients:
SUGAR, MILK SOLIDS, COCOA BUTTER, COCOA MASS, VEGETABLE FAT, BARLEY MALT EXTRACT, GLUCOSE SYRUP (SOURCES INCLUDE WHEAT), EMULSIFIER (SOY LECITHIN), FLOUR (SOURCES INCLUDE WHEAT) RAISING AGENTS (341, 501, 500), WHEAT GLUTEN, SALT, NATURAL FLAVOUR (VANILLA EXTRACT). MILK CHOCOLATE CONTAINS A MINIMUM OF 24% COCOA SOLIDS AND 25% MILK SOLIDS. MAY BE PRESENT: TREE NUTS, EGG.
Contains:
A MALTESERS MINI BUNNY CONTAINS MILK CHOCOLATE 75% AND MALT INCLUSIONS 3%. A MALTESERS MINI EGG CONTAINS MILK CHOCOLATE 92% AND MALT INCLUSIONS 8%.
Allergen:
Contains Barley, Contains Gluten, Contains Soy, Contains Wheat, Contains Milk
Servings Per Pack:
9.0
Size:
220g
Code: 3946519P
3 9 4 6 5 1 9 P
Customers also purchased
Nestle Kitkat Milk Choc Easter Egg Gift Box 173g on special
Nestle Kitkat Milk Choc Easter Egg Gift Box
173g on special
$8.00
save
$2.00
173g $4.62 per 100G
Unit Price
Add
1
for $8.00

Cadbury Caramilk Easter Gift Box 153g
Cadbury Caramilk Easter Gift Box
153g
$10.00
153g $6.54 per 100G
Unit Price
Add
1
for $10.00

Cadbury Humpty Easter Gift Box 130g on special
Cadbury Humpty Easter Gift Box
130g on special
buy any 2 for $10.00
Any 2
$ 10
regular price
$7.00 ea
each
130g $5.38 per 100G
Unit Price
Pick any 2 for $10.00 ...

Kit Kat Milo Gift Box 165g on special
Kit Kat Milo Gift Box
165g on special
$8.00
save
$2.00
165g $4.85 per 100G
Unit Price
Add
1
for $8.00"	['/wcsstore/Coles-CAS/images/3/9/4/3946519-th.jpg', '/wcsstore/Coles-CAS/images/3/9/4/3946519_B-th.jpg']
Ferrero	Rocher Easter Eggs	$ 7 .50	100g	$7.50 per 100G	"Disclaimer:
Product details, including nutritional information and country of origin, may change from time to time and so the product you receive in your order may not reflect the information on this page. Please check the packaging on any product you purchase and if it's not what you expected, feel free to return it for a full refund.
Details
Country of Origin:
Made in Poland
Code: 5749596P
5 7 4 9 5 9 6 P
Customers also purchased
Kinder Joy Egg 20g on special
Kinder Joy Egg
20g on special
$2.25
save
$0.75
20g $11.25 per 100G
Unit Price
Add
1
for $2.25

Cadbury Dairy Milk Hollow Easter Egg 100g on special
Cadbury Dairy Milk Hollow Easter Egg
100g on special
buy any 2 for $6.00
Any 2
$ 6
regular price
$4.00 ea
each
100g $4.00 per 100G
Unit Price
Pick any 2 for $6.00 ...

Chocolatier Australia Puddles The Platypus 190g while stocks last product
Chocolatier Australia Puddles The Platypus
190g while stocks last product
$15.50
190g $8.16 per 100G
Unit Price
Add
1
for $15.50

Kinder Mini Milk Easter Eggs 240g on special
Kinder Mini Milk Easter Eggs
240g on special
$7.00
save
$2.00
240g $2.92 per 100G
Unit Price
Add
1
for $7.00"	[]
Cadbury	Dairy Milk Hollow Easter Egg	$ 2 .50	50g	$5.00 per 100G	"Nutrition Facts
Serving size: 1 serving = 25g
Qty
Quantity
per serving Qty
Quantity
per 100g / 100ml %
Percentage
daily intake*
Energy 567 kJ 2270 kJ 0
Energy Cal 0 0 0
Protein 1.9 g 7.7 g 0
Total Fat 7.9 g 31.5 g 0
Saturated Fat 4.7 g 19 g 0
Trans 0 0 0
Polyunsaturated 0 0 0
Mono Unsaturated 0 0 0
Carbohydrate 14 g 56.1 g 0
Sugars 13.7 g 54.8 g 0
Dietary Fibre Total 0 0 0
Sodium 20 mg 81 mg 0
*Percentage Daily Intake per serving. Percentage Daily Intakes are based on an average adult diet of 8700 kJ. Your daily intakes may be higher or lower depending on your energy needs.
Disclaimer:
Product details, including nutritional information and country of origin, may change from time to time and so the product you receive in your order may not reflect the information on this page. Please check the packaging on any product you purchase and if it's not what you expected, feel free to return it for a full refund.
Details
Country of Origin:
Made in Australia
Ingredients:
INGREDIENTS: FULL CREAM MILK, SUGAR, COCOA BUTTER, COCOA MASS, MILK SOLIDS, EMULSIFIERS (SOY LECITHIN, 476), FLAVOURS.
Contains:
MILK CHOCOLATE CONTAINS COCOA SOLIDS 28%, MILK SOLIDS MINIMUM 24%.
Allergen:
May Be Present Tree Nuts, May Be Present Peanuts, Contains Soy, Contains Milk
Servings Per Pack:
2.0
Storage Instructions:
PLEASE STORE IN COOL, DRY CONDITIONS.
Size:
50g
Code: 8801138P
8 8 0 1 1 3 8 P
Customers also purchased
Cadbury Dairy Milk Hollow Easter Egg 100g on special
Cadbury Dairy Milk Hollow Easter Egg
100g on special
buy any 2 for $6.00
Any 2
$ 6
regular price
$4.00 ea
each
100g $4.00 per 100G
Unit Price
Pick any 2 for $6.00 ...

Lifesavers Mik Chocolate Fruit Tingle Inclusion Eggs 70g on special
Lifesavers Mik Chocolate Fruit Tingle Inclusion Eggs
70g on special
$3.00
save
$1.50
70g $4.29 per 100G
Unit Price
Add
1
for $3.00

Cadbury Cherry Ripe Hollow Easter Egg 110g on special
Cadbury Cherry Ripe Hollow Easter Egg
110g on special
buy any 2 for $6.00
Any 2
$ 6
regular price
$4.00 ea
each
110g $3.64 per 100G
Unit Price
Pick any 2 for $6.00 ...

Lindt Blossom Assorted 150g
Lindt Blossom Assorted
150g
$17.00
150g $11.33 per 100G
Unit Price
Add
1
for $17.00"	['/wcsstore/Coles-CAS/images/8/8/0/8801138-th.jpg', '/wcsstore/Coles-CAS/images/8/8/0/8801138_L-th.jpg', '/wcsstore/Coles-CAS/images/8/8/0/8801138_R-th.jpg', '/wcsstore/Coles-CAS/images/8/8/0/8801138_B-th.jpg']
Lindt	Lindor Mini Eggs Bag Assorted	$ 3 .50	90g	$3.89 per 100G	"Nutrition Facts
Serving size: 1 serving = 20g
Qty
Quantity
per serving Qty
Quantity
per 100g / 100ml %
Percentage
daily intake*
Energy 507kJ 2530kJ
Not provided
Protein 1.0g 5.1g
Not provided
Total Fat 9.0g 45.0g
Not provided
Saturated Fat 6.8g 34.0g
Not provided
Carbohydrate 9.0g 45.0g
Not provided
Sugars 8.8g 44.0g
Not provided
Sodium 9mg 43mg
Not provided
*Percentage Daily Intake per serving. Percentage Daily Intakes are based on an average adult diet of 8700 kJ. Your daily intakes may be higher or lower depending on your energy needs.
Disclaimer:
Product details, including nutritional information and country of origin, may change from time to time and so the product you receive in your order may not reflect the information on this page. Please check the packaging on any product you purchase and if it's not what you expected, feel free to return it for a full refund.
Details
Country of Origin:
Manufactured in Germany
Ingredients:
Sugar, Vegetable Fats, Cocoa Butter, Cocoa Mass, Whole Milk Powder, Skim Milk Powder, Milk Fat, Emulsifier (Soy Lecithin), Barley Malt Extract, Flavourings.
Contains:
Milk Chocolate contains: Cocoa Solids 30% min., Milk Solids 18% min. Dark Chocolate contains: Cocoa Solids 42% min. White Chocolate contains: Cocoa Solids 26% min.
Allergen:
May Be Present Tree Nuts
Servings Per Pack:
4.5
Storage Instructions:
Highly meltable. Keep cool. Store in a cool and dry place.
Size:
90g
Warning:
Quality Guarantee Chocoladefabriken Lindt & Sprngli AG Kilchberg / Switzerland
Code: 3136712P
3 1 3 6 7 1 2 P
Customers also purchased
Kinder Chocolate Hazelnut Mini Easter Eggs 100g on special twenty percent off
Kinder Chocolate Hazelnut Mini Easter Eggs
100g on special twenty percent off
$3.60
save
$0.90
100g $3.60 per 100G
Unit Price
Add
1
for $3.60

Lindt Lindor Mini Eggs Bag Solid Milk 90g on special
Lindt Lindor Mini Eggs Bag Solid Milk
90g on special
$3.50
save
$2.00
90g $3.89 per 100G
Unit Price
Add
1
for $3.50

Lindt Bugs & Bees Pouch Bag 98g on special
Lindt Bugs & Bees Pouch Bag
98g on special
$6.50
save
$2.00
98g $6.63 per 100G
Unit Price
Add
1
for $6.50

Cadbury Caramello Easter Eggs Bag 117g on special
Cadbury Caramello Easter Eggs Bag
117g on special
$3.00
save
$2.00
117g $2.56 per 100G
Unit Price
Add
1
for $3.00"	['/wcsstore/Coles-CAS/images/3/1/3/3136712-th.jpg', '/wcsstore/Coles-CAS/images/3/1/3/3136712_B-th.jpg']
Ferrero	Rocher Dark Chocolate Easter Eggs	$ 5 .00	100g	$5.00 per 100G	"Nutrition Facts
Serving size: 1 serving = 10g
Qty
Quantity
per serving Qty
Quantity
per 100g / 100ml %
Percentage
daily intake*
Energy 234kJ 2339kJ
Not provided
Protein 0.6g 5.8g
Not provided
Total Fat 3.7g 37.2g
Not provided
Saturated Fat 2g 19.5g
Not provided
Carbohydrate 5.1g 50.8g
Not provided
Sugars 4.5g 45.1g
Not provided
Sodium 4mg 43mg
Not provided
*Percentage Daily Intake per serving. Percentage Daily Intakes are based on an average adult diet of 8700 kJ. Your daily intakes may be higher or lower depending on your energy needs.
Disclaimer:
Product details, including nutritional information and country of origin, may change from time to time and so the product you receive in your order may not reflect the information on this page. Please check the packaging on any product you purchase and if it's not what you expected, feel free to return it for a full refund.
Details
Country of Origin:
Made in ITALY
Ingredients:
Dark Chocolate (34%) (Sugar, Cocoa Mass, Cocoa Butter, Emulsifier: Lecithins (Soy), Flavouring: Vanillin), Milk Chocolate (18.5%) (Sugar, Cocoa Butter, Milk Powder, Cocoa Mass, Emulsifier: Lecithins (Soy), Flavouring: Vanillin), Sugar, Vegetable Oil (Palm*), Fat-reduced Cocoa Powder (5.5%), Wheat Flour, Hazelnuts, Emulsifier (Lecithins) (Soy), Skim Milk Powder, Raising Agents (Sodium Bicarbonate, Ammonium Bicarbonate), Flavouring (Vanillin), Salt. Dark Chocolate contains Cocoa Solids 50% min., Milk Chocolate contains Cocoa Solids 34.5% min., Milk Solids 21.5% min. *Sustainable and segregated certified palm oil.
Contains:
Milk, Hazelnuts, Wheat, Gluten (Soy).
Allergen:
Contains Hazelnuts, Contains Gluten, Contains Soy, Contains Wheat, Contains Milk
Storage Instructions:
Store in a cool dry place, away from direct sunlight.
Size:
100g
Code: 1651525P
1 6 5 1 5 2 5 P
Customers also purchased
Ferrero Rocher Hazelnut Chocolate Easter Eggs 100g on special
Ferrero Rocher Hazelnut Chocolate Easter Eggs
100g on special
$5.00
save
$1.50
100g $5.00 per 100G
Unit Price
Add
1
for $5.00

Lindt Lindor Mini Eggs Bag Solid Milk 90g on special
Lindt Lindor Mini Eggs Bag Solid Milk
90g on special
$3.50
save
$2.00
90g $3.89 per 100G
Unit Price
Add
1
for $3.50

Ferrero Rocher White Easter Eggs 90g on special twenty percent off
Ferrero Rocher White Easter Eggs
90g on special twenty percent off
$6.00
save
$1.50
90g $6.67 per 100G
Unit Price
Add
1
for $6.00

Cadbury Selections Easter Eggs Bag 230g on special
Cadbury Selections Easter Eggs Bag
230g on special
$6.00
save
$3.00
230g $2.61 per 100G
Unit Price
Add
1
for $6.00"	['/wcsstore/Coles-CAS/images/1/6/5/1651525-th.jpg', '/wcsstore/Coles-CAS/images/1/6/5/1651525_L-th.jpg', '/wcsstore/Coles-CAS/images/1/6/5/1651525_R-th.jpg', '/wcsstore/Coles-CAS/images/1/6/5/1651525_B-th.jpg']
Lindt	Lindor Mini Eggs Bag Solid Milk	$ 3 .50	90g	$3.89 per 100G	"Nutrition Facts
Serving size: 1 serving = 20g
Qty
Quantity
per serving Qty
Quantity
per 100g / 100ml %
Percentage
daily intake*
Energy 455kJ 2280kJ
Not provided
Protein 1.5g 7.3g
Not provided
Total Fat 6.4g 32.0g
Not provided
Saturated Fat 3.8g 19.0g
Not provided
Carbohydrate 11.2g 56.0g
Not provided
Sugars 11.2g 56.0g
Not provided
Sodium 16mg 78mg
Not provided
*Percentage Daily Intake per serving. Percentage Daily Intakes are based on an average adult diet of 8700 kJ. Your daily intakes may be higher or lower depending on your energy needs.
Disclaimer:
Product details, including nutritional information and country of origin, may change from time to time and so the product you receive in your order may not reflect the information on this page. Please check the packaging on any product you purchase and if it's not what you expected, feel free to return it for a full refund.
Details
Ingredients:
Sugar, Cocoa Butter, Whole Milk Powder, Cocoa Mass, Lactose, Skim milk Powder, Emulsifier (Soy Lecithin), Barley Malt Extract, Flavouring.
Contains:
Milk Chocolate contains: Cocoa Solids 30% min., Milk Solids 18% min.
Allergen:
May Be Present Tree Nuts
Servings Per Pack:
4.5
Storage Instructions:
Store in a cool and dry place.
Size:
90g
Warning:
Quality Guarantee Chocoladefabriken Lindt & Sprngli AG Kilchberg / Switzerland
Code: 3136698P
3 1 3 6 6 9 8 P
Customers also purchased
Lindt Lindor Mini Eggs Bag Assorted 90g on special
Lindt Lindor Mini Eggs Bag Assorted
90g on special
$3.50
save
$2.00
90g $3.89 per 100G
Unit Price
Add
1
for $3.50

Ferrero Rocher Dark Chocolate Easter Eggs 100g on special
Ferrero Rocher Dark Chocolate Easter Eggs
100g on special
$5.00
save
$1.50
100g $5.00 per 100G
Unit Price
Add
1
for $5.00

Lindt Bugs & Bees Pouch Bag 98g on special
Lindt Bugs & Bees Pouch Bag
98g on special
$6.50
save
$2.00
98g $6.63 per 100G
Unit Price
Add
1
for $6.50

Lindt Milk Mini Eggs 390g on special
Lindt Milk Mini Eggs
390g on special
buy any 2 for $24.00
Any 2
$ 24
regular price
$24.00 ea
each
390g $6.15 per 100G
Unit Price
Pick any 2 for $24.00 ..."	['/wcsstore/Coles-CAS/images/3/1/3/3136698-th.jpg', '/wcsstore/Coles-CAS/images/3/1/3/3136698_B-th.jpg']
Cadbury	Selections Large Easter Eggs Bag	$ 11 .25	545g	$2.06 per 100G	"Nutrition Facts
Serving size: 1 serving = 25g
Qty
Quantity
per serving Qty
Quantity
per 100g / 100ml %
Percentage
daily intake*
Energy 526 KJ 2100 KJ 0
Energy Cal 0 0 0
Protein 1.1 G 4.5 G 0
Total Fat 6.4 G 25.7 G 0
Saturated Fat 3.9 G 15.5 G 0
Trans 0 0 0
Polyunsaturated 0 0 0
Mono Unsaturated 0 0 0
Carbohydrate 15.6 G 62.4 G 0
Sugars 14.5 G 57.8 G 0
Dietary Fibre Total 0 0 0
Sodium 22 MG 88 MG 0
*Percentage Daily Intake per serving. Percentage Daily Intakes are based on an average adult diet of 8700 kJ. Your daily intakes may be higher or lower depending on your energy needs.
Disclaimer:
Product details, including nutritional information and country of origin, may change from time to time and so the product you receive in your order may not reflect the information on this page. Please check the packaging on any product you purchase and if it's not what you expected, feel free to return it for a full refund.
Details
Country of Origin:
Made in Australia from Imported and Local Ingredients
Ingredients:
DAIRY MILK MILK CHOCOLATE EGGS INGREDIENTS: FULL CREAM MILK, SUGAR, COCOA BUTTER, COCOA MASS, MILK SOLIDS, EMULSIFIERS (SOY LECITHIN, 476), FLAVOURS. MILK CHOCOLATE CONTAINS COCOA SOLIDS 28%, MILK SOLIDS MINIMUM 24%. CONTAINS MILK, SOY. MAY CONTAIN PEANUTS, TREE NUTS. CARAMELLO EGGS PRODUCT CONTAINS MILK CHOCOLATE (70%), CARAMEL (30%). INGREDIENTS: FULL CREAM MILK, SUGAR, GLUCOSE SYRUP, COCOA BUTTER, COCOA MASS, MILK SOLIDS, SWEETENED CONDENSED MILK (MILK, SUGAR), VEGETABLE FAT, INVERT SUGAR, EMULSIFIERS (SOY LECITHIN, 476, 471), ACIDITY REGULATOR (331), FLAVOURS, SALT. MILK CHOCOLATE CONTAINS COCOA SOLIDS 28%, MILK SOLIDS MINIMUM 24%. CONTAINS MILK, SOY. MAY CONTAIN PEANUTS, TREE NUTS. TURKISH DELIGHT EGGS PRODUCT CONTAINS MILK CHOCOLATE (75%), TURKISH DELIGHT JELLY CENTRE (25%). INGREDIENTS: SUGAR, MILK SOLIDS, COCOA BUTTER, COCOA MASS, INVERT SUGAR, GLUCOSE SYRUP, EMULSIFIERS (SOY LECITHIN, 476), GELLING AGENTS (440, 341), ACIDITY REGULATORS (330, 331, 450), FLAVOURS, COLOUR (160c). MILK CHOCOLATE CONTAINS COCOA SOLIDS 26%, MILK SOLIDS 23%. CONTAINS MILK, SOY. MAY CONTAIN PEANUTS, TREE NUTS. CRUNCHIE EGGS PRODUCT CONTAINS MILK CHOCOLATE (94%), CRUNCHIE PIECES (6%). INGREDIENTS: SUGAR, MILK SOLIDS, COCOA BUTTER, COCOA MASS, CRUNCHIE PIECES (SUGAR, GLUCOSE SYRUP, RAISING AGENT (500), HYDROLYSED MILK PROTEIN), EMULSIFIERS (SOY LECITHIN, 476), FLAVOURS. MILK CHOCOLATE CONTAINS COCOA SOLIDS 26%, MILK SOLIDS 23%. CONTAINS MILK, SOY. MAY CONTAIN WHEAT, GLUTEN, PEANUTS, TREE NUTS.
Allergen:
May Be Present Tree Nuts, May Be Present Peanuts, May Be Present Wheat, May Be Present Gluten, Contains Soy, Contains Milk
Servings Per Pack:
21.8
Storage Instructions:
PLEASE STORE IN COOL, DRY CONDITIONS.
Size:
545g
Warning:
We do not guarantee that all units will be in this pack. Should it be necessary to leave out a particular unit at any time, it will be replaced by another of equal quality.
Code: 9633786P
9 6 3 3 7 8 6 P
Customers also purchased
Cadbury Crunchie Easter Eggs Bag 110g on special
Cadbury Crunchie Easter Eggs Bag
110g on special
$3.00
save
$2.00
110g $2.73 per 100G
Unit Price
Add
1
for $3.00

Cadbury Caramilk Easter Eggs Bag 235g on special
Cadbury Caramilk Easter Eggs Bag
235g on special
$6.00
save
$3.00
235g $2.55 per 100G
Unit Price
Add
1
for $6.00

Cadbury Oreo Easter Eggs Bag 112g on special
Cadbury Oreo Easter Eggs Bag
112g on special
$3.00
save
$2.00
112g $2.68 per 100G
Unit Price
Add
1
for $3.00

Cadbury Dairy Milk Easter Eggs Bag 243g on special
Cadbury Dairy Milk Easter Eggs Bag
243g on special
$6.00
save
$3.00
243g $2.47 per 100G
Unit Price
Add
1
for $6.00"	['/wcsstore/Coles-CAS/images/9/6/3/9633786-th.jpg', '/wcsstore/Coles-CAS/images/9/6/3/9633786_B-th.jpg']
Darrell Lea	Rocklea Road Egg	$ 3 .50	120g	$2.92 per 100G	"Disclaimer:
Product details, including nutritional information and country of origin, may change from time to time and so the product you receive in your order may not reflect the information on this page. Please check the packaging on any product you purchase and if it's not what you expected, feel free to return it for a full refund.
Details
Country of Origin:
Made in Australia
Dimensions:
110 x 75 x 75mm
Code: 4786382P
4 7 8 6 3 8 2 P
Customers also purchased
Darrell Lea Rocklea Road Bunny 170g on special
Darrell Lea Rocklea Road Bunny
170g on special
$5.00
save
$1.50
170g $2.94 per 100G
Unit Price
Add
1
for $5.00

Ferrero Rocher Milk Chocolate And Hazelnut Hollow Squirrel 90g on special
Ferrero Rocher Milk Chocolate And Hazelnut Hollow Squirrel
90g on special
$5.00
save
$1.50
90g $5.56 per 100G
Unit Price
Add
1
for $5.00

Cadbury Easter Bunny 150g on special
Cadbury Easter Bunny
150g on special
$5.00
save
$1.70
150g $3.33 per 100G
Unit Price
Add
1
for $5.00

Kinder Surprise Chocolate Giant Easter Bunny 160g
Kinder Surprise Chocolate Giant Easter Bunny
160g
$9.50
160g $5.94 per 100G
Unit Price
Add
1
for $9.50"	[]
Ferrero	Rocher White Easter Eggs	$ 6 .00	90g	$6.67 per 100G	"Nutrition Facts
Serving size: 1 serving = 9g
Qty
Quantity
per serving Qty
Quantity
per 100g / 100ml %
Percentage
daily intake*
Energy 220kJ 2441kJ
Not provided
Protein 0.6g 6.7g
Not provided
Total Fat 3.6g 39.7g
Not provided
Saturated Fat 1.9g 21.3g
Not provided
Carbohydrate 4.5g 50.5g
Not provided
Sugars 4.4g 49.3g
Not provided
Sodium 10mg 109mg
Not provided
*Percentage Daily Intake per serving. Percentage Daily Intakes are based on an average adult diet of 8700 kJ. Your daily intakes may be higher or lower depending on your energy needs.
Disclaimer:
Product details, including nutritional information and country of origin, may change from time to time and so the product you receive in your order may not reflect the information on this page. Please check the packaging on any product you purchase and if it's not what you expected, feel free to return it for a full refund.
Details
Country of Origin:
Made in Germany
Ingredients:
Ingredients: White Chocolate 60% (Cocoa Butter, Sugar, Skimmed Milk Powder, Anhydrous Milkfat (Milk), Emulsifier (Lecithins) (Soy), Flavouring (Vanillin)), Sugar, Vegetable Oil (Palm*), Whey Powder (Milk), Hazelnuts 7%, Fat-Reduced Cocoa Powder 2.5%, Extruded Rounded Cereal-Based Grain 1% (Wheat Flour, Sugar, Malted Wheat Flour, Raising Agent (Sodium Bicarbonate), Salt), Emulsifier (Lecithins) (Soy), Flavourings. White Chocolate Contains Min. 26.5% Of Milk Solids. Total Cocoa Solids: 24.5%. *Sustainable And Segregated Certified Palm Oil.
Contains:
Milk, Gluten, Wheat, Hazelnuts, Soy. May contain traces of Eggs and Almonds.
Allergen:
Contains Hazelnuts, May Be Present Tree Nuts, Contains Gluten, Contains Soy, Contains Wheat, Contains Milk, May Be Present Egg
Servings Per Pack:
10.0
Storage Instructions:
Store in a cool dry place, away from direct sunlight.
Size:
90g
Code: 5749610P
5 7 4 9 6 1 0 P
Customers also purchased
Ferrero Rocher Hazelnut Chocolate Easter Eggs 100g on special
Ferrero Rocher Hazelnut Chocolate Easter Eggs
100g on special
$5.00
save
$1.50
100g $5.00 per 100G
Unit Price
Add
1
for $5.00

Ferrero Rocher Dark Chocolate Easter Eggs 100g on special
Ferrero Rocher Dark Chocolate Easter Eggs
100g on special
$5.00
save
$1.50
100g $5.00 per 100G
Unit Price
Add
1
for $5.00

Cadbury Oreo Easter Eggs Bag 112g on special
Cadbury Oreo Easter Eggs Bag
112g on special
$3.00
save
$2.00
112g $2.68 per 100G
Unit Price
Add
1
for $3.00

Nestle Rolo Mini Eggs 110g on special
Nestle Rolo Mini Eggs
110g on special
buy any 2 for $7.00
Any 2
$ 7
regular price
$4.50 ea
each
110g $4.09 per 100G
Unit Price
Pick any 2 for $7.00 ..."	[]
Kinder	Chocolate Hazelnut Mini Easter Eggs	$ 3 .60	100g	$3.60 per 100G	"Nutrition Facts
Serving size: 1 serving = 5g
Qty
Quantity
per serving Qty
Quantity
per 100g / 100ml %
Percentage
daily intake*
Energy 123kj 2420kj 1%
Protein 0.5g 9g 1%
Total Fat 1.9g 37.2g 3%
Saturated Fat 1.1g 22g 5%
Carbohydrate 2.6g 52.4g 1%
Sugars 2.6g 52.1g 3%
Sodium 7mg 130mg 0%
*Percentage Daily Intake per serving. Percentage Daily Intakes are based on an average adult diet of 8700 kJ. Your daily intakes may be higher or lower depending on your energy needs.
Disclaimer:
Product details, including nutritional information and country of origin, may change from time to time and so the product you receive in your order may not reflect the information on this page. Please check the packaging on any product you purchase and if it's not what you expected, feel free to return it for a full refund.
Details
Country of Origin:
Made in Belgium
Allergen:
Contains Hazelnuts, Contains Soy, Contains Milk
Size:
100g
Code: 3136461P
3 1 3 6 4 6 1 P
Customers also purchased
Lindt Lindor Mini Eggs Bag Assorted 90g on special
Lindt Lindor Mini Eggs Bag Assorted
90g on special
$3.50
save
$2.00
90g $3.89 per 100G
Unit Price
Add
1
for $3.50

Cadbury Caramello Easter Eggs Bag 117g on special
Cadbury Caramello Easter Eggs Bag
117g on special
$3.00
save
$2.00
117g $2.56 per 100G
Unit Price
Add
1
for $3.00

Cadbury Strawberry Easter Eggs Bag 118g on special
Cadbury Strawberry Easter Eggs Bag
118g on special
$3.00
save
$2.00
118g $2.54 per 100G
Unit Price
Add
1
for $3.00

Cadbury Marvellous Creations Easter Bunny Sharepack 198g on special
Cadbury Marvellous Creations Easter Bunny Sharepack
198g on special
$6.00
save
$2.00
198g $3.03 per 100G
Unit Price
Add
1
for $6.00"	[]
M&M?s	More Milk Chocolate Mini Easter Eggs Share Bag	$ 6 .50	220g	$2.95 per 100G	"Nutrition Facts
Serving size: 1 serving = 21g
Qty
Quantity
per serving Qty
Quantity
per 100g / 100ml %
Percentage
daily intake*
Energy 468 kJ 2230 kJ 5%
Energy Cal
Not provided
Not provided
5%
Protein 1.3 g 6.2 g 3%
Total Fat 6.1 g 29.0 g 9%
Saturated Fat 3.8 g 18.1 g 16%
Carbohydrate 13.0 g 62.0 4%
Sugars 11.9 g 56.7 g 13%
Sodium 21 mg 102 mg 1%
*Percentage Daily Intake per serving. Percentage Daily Intakes are based on an average adult diet of 8700 kJ. Your daily intakes may be higher or lower depending on your energy needs.
Disclaimer:
Product details, including nutritional information and country of origin, may change from time to time and so the product you receive in your order may not reflect the information on this page. Please check the packaging on any product you purchase and if it's not what you expected, feel free to return it for a full refund.
Details
Country of Origin:
Made in Belgium
Ingredients:
SUGAR, MILK SOLIDS, COCOA BUTTER, COCOA MASS, GLUCOSE SYRUP (SOURCES INCLUDE WHEAT), VEGETABLE FAT, BARLEY MALT EXTRACT, EMULSIFIER (SOY LECITHIN), STARCH, DEXTROSE (SOURCES INCLUDE WHEAT), FLOUR (SOURCES INCLUDE WHEAT), RAISING AGENTS (341, 501, 500), SALT, WHEAT GLUTEN, STABILISER (414), FLAVOURS (INCLUDES BARLEY MALTED MILK, VANILLA EXTRACT), THICKENER (DEXTRIN), GLAZING AGENT (903), COLOURS (162, 172, 100, 133, 160A), CALCIUM CARBONATE. MILK CHOCOLATE CONTAINS A MINIMUM OF 28% COCOA SOLIDS AND 23% MILK SOLIDS.
Contains:
PEANUTS, TREE NUTS. M&M'S MINI EGGS CONTAIN MILK CHOCOLATE 73% AND M&M'S MINIS 26%. MALTESERS TEASERS MINI EGGS CONTAIN MILK CHOCOLATE 92% AND CRISP MALT INCLUSIONS 8%. MARS MINI EGGS CONTAIN MILK CHOCOLATE 69%, CARAMEL 18% AND CREME 13%.
Allergen:
Contains Barley, Contains Gluten, Contains Soy, Contains Wheat, Contains Milk
Servings Per Pack:
10.0
Size:
220g
Code: 2133640P
2 1 3 3 6 4 0 P
Customers also purchased
Cadbury Crunchie Easter Eggs Bag 110g on special
Cadbury Crunchie Easter Eggs Bag
110g on special
$3.00
save
$2.00
110g $2.73 per 100G
Unit Price
Add
1
for $3.00

Cadbury Oreo Easter Eggs Bag 112g on special
Cadbury Oreo Easter Eggs Bag
112g on special
$3.00
save
$2.00
112g $2.68 per 100G
Unit Price
Add
1
for $3.00

Cadbury Selections Easter Eggs Bag 230g on special
Cadbury Selections Easter Eggs Bag
230g on special
$6.00
save
$3.00
230g $2.61 per 100G
Unit Price
Add
1
for $6.00

Darrell Lea Easter Treats Speckled Eggs 125g on special
Darrell Lea Easter Treats Speckled Eggs
125g on special
buy any 2 for $6.00
Any 2
$ 6
regular price
$5.00 ea
each
125g $4.00 per 100G
Unit Price
Pick any 2 for $6.00 ..."	['/wcsstore/Coles-CAS/images/2/1/3/2133640-th.jpg', '/wcsstore/Coles-CAS/images/2/1/3/2133640_B-th.jpg']
Kinder	Mini Eggs Milk Chocolate Bag	$ 3 .60	100g	$3.60 per 100G	"Disclaimer:
Product details, including nutritional information and country of origin, may change from time to time and so the product you receive in your order may not reflect the information on this page. Please check the packaging on any product you purchase and if it's not what you expected, feel free to return it for a full refund.
Details
Country of Origin:
Made in Italy
Size:
100g
Code: 2856986P
2 8 5 6 9 8 6 P"	[]
Nestle	Mini Egg Bag	$ 15 .00	500g	$3.00 per 100G	"Nutrition Facts
Serving size: 1 serving = 21 g
Qty
Quantity
per serving Qty
Quantity
per 100g / 100ml %
Percentage
daily intake*
Energy 460 kJ 2180 kJ 5%
Protein 1.4 g 6.6 g 3%
Total Fat 6.0g 28.4 g 9%
Saturated Fat 4 g 19 g 17%
Carbohydrate 12.4 g 59 g 4%
Sugars 12 g 57.4 g 13%
Sodium 15 mg 75 mg 1%
*Percentage Daily Intake per serving. Percentage Daily Intakes are based on an average adult diet of 8700 kJ. Your daily intakes may be higher or lower depending on your energy needs.
Disclaimer:
Product details, including nutritional information and country of origin, may change from time to time and so the product you receive in your order may not reflect the information on this page. Please check the packaging on any product you purchase and if it's not what you expected, feel free to return it for a full refund.
Details
Country of Origin:
Packed in Belgium
Ingredients:
Ingredients: Milk Chocolate (60%) [Sugar, Cocoa Mass^, Milk Solids, Cocoa Butter^, Emulsifiers ( Soy Lecithin), Flavour], White Chocolate (20%) [Sugar, Milk Solids, Cocoa Butter^, Emulsifier ( Soy Lecithin), Flavour]. Wafer Filling (6%) [Sugar, Milk Solids, Cocoa Mass^, Cocoa Butter^, Rice Flour, Emulsifier ( Soy Lecithin), Wheat Flour, Flavour, Vegetable Fat, Caramelised Sugar Syrup, Salt], Caramel Filling (6%) [Glucose-Fructose Syrup ( Wheat ), Sweetened Condensed Milk , Glucose Syrup, Sugar, Vegetable Fat, Milk Solids, Cocoa Butter^, Salt, Raising Agent (500), Emulsifier ( Soy Lecithin), Flavour], Smarties (6%) [Sugar, Milk Solids, Cocoa Mass^, Cocoa Butter^, Wheat Flour, Rice Starch, Emulsifier (Lecithin), Colours (Beetroot Red, Beta-Carotene, Curcumin), Plant Extract (Spirulina), Glazing Agents (903, 901), Fruit and Vegetable Concentrates (Safflower, Radish), Malt Barley Extract], Rice Crispies (2%) [Rice Flour]. Contains Milk, Soy, Gluten, Wheat, Barley. May Contain Tree Nuts. Milk Chocolate Contains Minimum of 32% Cocoa Solids and 18% Milk Solids. White Chocolate Contains Minimum of 23% Cocoa Solids and 23% Milk Solids. ^Rainforest Alliance Certified Cocoa. Find Out More at Ra.Org.
Contains:
Contains Milk, Soy, Gluten, Wheat, Barley. May contain Tree Nuts.
Allergen:
Contains Soybean, May Be Present Nuts, Contains Barley, Contains Wheat, Contains Milk, Contains Cereals Containing Gluten
Servings Per Pack:
23.0
Storage Instructions:
Store Cool and Dry.
Size:
500 g
Code: 4733502P
4 7 3 3 5 0 2 P
Customers also purchased
Cadbury Crunchie Easter Eggs Bag 110g on special
Cadbury Crunchie Easter Eggs Bag
110g on special
$3.00
save
$2.00
110g $2.73 per 100G
Unit Price
Add
1
for $3.00

Cadbury Caramilk Easter Eggs Bag 113g on special
Cadbury Caramilk Easter Eggs Bag
113g on special
$3.00
save
$2.00
113g $2.65 per 100G
Unit Price
Add
1
for $3.00

Nestle Rolo Mini Eggs 110g on special
Nestle Rolo Mini Eggs
110g on special
buy any 2 for $7.00
Any 2
$ 7
regular price
$4.50 ea
each
110g $4.09 per 100G
Unit Price
Pick any 2 for $7.00 ...

Nestle Milkybar Mini Eggs 110g on special
Nestle Milkybar Mini Eggs
110g on special
buy any 2 for $7.00
Any 2
$ 7
regular price
$4.50 ea
each
110g $4.09 per 100G
Unit Price
Pick any 2 for $7.00 ..."	['/wcsstore/Coles-CAS/images/4/7/3/4733502-th.jpg', '/wcsstore/Coles-CAS/images/4/7/3/4733502_B-th.jpg']
Ferrero	Rocher Easter Egg T3	$ 15 .00	137.5g	$10.91 per 100G	"Disclaimer:
Product details, including nutritional information and country of origin, may change from time to time and so the product you receive in your order may not reflect the information on this page. Please check the packaging on any product you purchase and if it's not what you expected, feel free to return it for a full refund.
Details
Country of Origin:
Made in Australia
Code: 4721591P
4 7 2 1 5 9 1 P
Customers also purchased
Cadbury Creme Egg Easter Gift Box 193g
Cadbury Creme Egg Easter Gift Box
193g
$10.00
193g $5.18 per 100G
Unit Price
Add
1
for $10.00

Cadbury Caramello Easter Gift Box 193g
Cadbury Caramello Easter Gift Box
193g
$10.00
193g $5.18 per 100G
Unit Price
Add
1
for $10.00

Nestle Milkybar White Chocolate Easter Egg Gift Box 168g on special
Nestle Milkybar White Chocolate Easter Egg Gift Box
168g on special
$8.00
save
$2.00
168g $4.76 per 100G
Unit Price
Add
1
for $8.00

Celebrations Milk Chocolate Easter Egg 165g new product
Celebrations Milk Chocolate Easter Egg
165g new product
$10.00
165g $6.06 per 100G
Unit Price
Add
1
for $10.00"	[]
Kinder	Surprise Chocolate Maxi Easter Egg Blue	$ 7 .60	100g	$7.60 per 100G	"Nutrition Facts
Serving size: 1 serving = 20g
Qty
Quantity
per serving Qty
Quantity
per 100g / 100ml %
Percentage
daily intake*
Energy 481kJ 2405kJ
Not provided
Protein 1.7g 8.8g
Not provided
Total Fat 7.2g 36.2g
Not provided
Saturated Fat 4.8g 24.1g
Not provided
Carbohydrate 10.8g 53.9g
Not provided
Sugars 10.7g 53.6g
Not provided
Sodium 24mg 120mg
Not provided
*Percentage Daily Intake per serving. Percentage Daily Intakes are based on an average adult diet of 8700 kJ. Your daily intakes may be higher or lower depending on your energy needs.
Disclaimer:
Product details, including nutritional information and country of origin, may change from time to time and so the product you receive in your order may not reflect the information on this page. Please check the packaging on any product you purchase and if it's not what you expected, feel free to return it for a full refund.
Details
Country of Origin:
Made in Belgium
Ingredients:
Milk Chocolate (45%) (Sugar, Milk Powder, Cocoa Butter, Cocoa Mass, Emulsifier: Lecithins (Soy), Flavouring: Vanillin), Skim Milk Powder, Sugar, Vegetable Fats (Palm*, Shea), Anhydrous Milkfat, Emulsifier (Lecithins) (Soy), Flavouring (Vanillin). Total Milk Constituents: 32%. Total Cocoa Solids: 14.5% *Sustainable and segregated certified palm oil.
Contains:
Milk, Soy
Allergen:
Contains Soy, Contains Milk
Servings Per Pack:
5.0
Storage Instructions:
Store in cool dry place, away from direct sunlight
Size:
100g
Warning:
Toy not suitable for children under 3 years. Small parts may be swallowed or inhaled. Adult supervision recommended.
Code: 2134868P
2 1 3 4 8 6 8 P
Customers also purchased
Kinder Joy Egg 20g on special
Kinder Joy Egg
20g on special
$2.25
save
$0.75
20g $11.25 per 100G
Unit Price
Add
1
for $2.25

Cadbury Dairy Milk Hollow Easter Egg 50g
Cadbury Dairy Milk Hollow Easter Egg
50g
$2.50
50g $5.00 per 100G
Unit Price
Add
1
for $2.50"	[]
Kinder	Bueno Easter Eggs	$ 10 .00	147g	$6.80 per 100G	"Disclaimer:
Product details, including nutritional information and country of origin, may change from time to time and so the product you receive in your order may not reflect the information on this page. Please check the packaging on any product you purchase and if it's not what you expected, feel free to return it for a full refund.
Details
Country of Origin:
Made in Italy
Code: 5783867P
5 7 8 3 8 6 7 P
Customers also purchased
Cadbury Mint Easter Eggs Bag 115g on special
Cadbury Mint Easter Eggs Bag
115g on special
$3.00
save
$2.00
115g $2.61 per 100G
Unit Price
Add
1
for $3.00

Nestle Mini Egg Bag 500g new product
Nestle Mini Egg Bag
500g new product
$15.00
500g $3.00 per 100G
Unit Price
Add
1
for $15.00

Ferrero Rocher White Easter Eggs 90g on special twenty percent off
Ferrero Rocher White Easter Eggs
90g on special twenty percent off
$6.00
save
$1.50
90g $6.67 per 100G
Unit Price
Add
1
for $6.00

Nestle Rolo Mini Eggs 110g on special
Nestle Rolo Mini Eggs
110g on special
buy any 2 for $7.00
Any 2
$ 7
regular price
$4.50 ea
each
110g $4.09 per 100G
Unit Price
Pick any 2 for $7.00 ..."	[]
Mars	Milk Chocolate Mini Easter Eggs Share Bag	$ 6 .50	220g	$2.95 per 100G	"Nutrition Facts
Serving size: 1 serving = 25 g
Qty
Quantity
per serving Qty
Quantity
per 100g / 100ml %
Percentage
daily intake*
Energy 558 kJ 2230 kJ
Not provided
Protein 1.3 g 5.4 g
Not provided
Total Fat 7.7 g 30.7 g
Not provided
Saturated Fat 4.9 g 19.6 g
Not provided
Carbohydrate 15.0 g 59.9 g
Not provided
Sugars 14.0 g 56.0 g
Not provided
Sodium 30 mg 122 mg
Not provided
*Percentage Daily Intake per serving. Percentage Daily Intakes are based on an average adult diet of 8700 kJ. Your daily intakes may be higher or lower depending on your energy needs.
Disclaimer:
Product details, including nutritional information and country of origin, may change from time to time and so the product you receive in your order may not reflect the information on this page. Please check the packaging on any product you purchase and if it's not what you expected, feel free to return it for a full refund.
Details
Country of Origin:
MADE IN BELGIUM
Ingredients:
MARS MINI EGGS CONTAIN: MILK CHOCOLATE 68%, CARAMEL 18%, MALT CRME 13%. INGREDIENTS: SUGAR, MILK SOLIDS, COCOA BUTTER, GLUCOSE SYRUP, COCOA MASS, VEGETABLE OIL. VEGETABLE FAT, EMULSIFIER (SOY LECITHIN), SALT, FLAVOURS. MILK CHOCOLATE CONTAINS A MINIMUM OF 31% COCOA SOLIDS AND 24% MILK SOLIDS.
Servings Per Pack:
8.8
Storage Instructions:
STORE IN A COOL DRY PLACE.
Size:
220 g
Code: 5766347P
5 7 6 6 3 4 7 P
Customers also purchased
Cadbury Caramilk Easter Eggs Bag 235g on special
Cadbury Caramilk Easter Eggs Bag
235g on special
$6.00
save
$3.00
235g $2.55 per 100G
Unit Price
Add
1
for $6.00

Cadbury Mint Easter Eggs Bag 115g on special
Cadbury Mint Easter Eggs Bag
115g on special
$3.00
save
$2.00
115g $2.61 per 100G
Unit Price
Add
1
for $3.00

Cadbury Turkish Delight Easter Eggs Bag 117g on special
Cadbury Turkish Delight Easter Eggs Bag
117g on special
$3.00
save
$2.00
117g $2.56 per 100G
Unit Price
Add
1
for $3.00

Cadbury Strawberry Easter Eggs Bag 118g on special
Cadbury Strawberry Easter Eggs Bag
118g on special
$3.00
save
$2.00
118g $2.54 per 100G
Unit Price
Add
1
for $3.00"	['/wcsstore/Coles-CAS/images/5/7/6/5766347-th.jpg', '/wcsstore/Coles-CAS/images/5/7/6/5766347_B-th.jpg']
Cadbury	Dairy Milk Easter Gift Box	$ 10 .00	176g	$5.68 per 100G	"Nutrition Facts
Serving size: 1 serving = 25g
Qty
Quantity
per serving Qty
Quantity
per 100g / 100ml %
Percentage
daily intake*
Energy 566 KJ 2260 KJ 0
Energy Cal 0 0 0
Protein 1.9 G 7.7 G 0
Total Fat 7.8 G 31.3 G 0
Saturated Fat 4.7 G 18.9 G 0
Trans 0 0 0
Polyunsaturated 0 0 0
Mono Unsaturated 0 0 0
Carbohydrate 14.1 G 56.3 G 0
Sugars 13.7 G 54.9 G 0
Dietary Fibre Total 0 0 0
Sodium 20 MG 81 MG 0
*Percentage Daily Intake per serving. Percentage Daily Intakes are based on an average adult diet of 8700 kJ. Your daily intakes may be higher or lower depending on your energy needs.
Disclaimer:
Product details, including nutritional information and country of origin, may change from time to time and so the product you receive in your order may not reflect the information on this page. Please check the packaging on any product you purchase and if it's not what you expected, feel free to return it for a full refund.
Details
Country of Origin:
Made in Australia from Imported and Local Ingredients
Ingredients:
DAIRY MILK MILK CHOCOLATE HOLLOW EGG INGREDIENTS: FULL CREAM MILK, SUGAR, COCOA BUTTER, COCOA MASS, MILK SOLIDS, EMULSIFIERS (SOY LECITHIN, 476), FLAVOURS. MILK CHOCOLATE CONTAINS COCOA SOLIDS 28%, MILK SOLIDS MINIMUM 24%. DAIRY MILK MILK CHOCOLATE SOLID EGGS INGREDIENTS: FULL CREAM MILK, SUGAR, COCOA BUTTER, COCOA MASS, MILK SOLIDS, EMULSIFIERS (SOY LECITHIN, 476), FLAVOURS. MILK CHOCOLATE CONTAINS COCOA SOLIDS 28%, MILK SOLIDS MINIMUM 24%.
Contains:
Milk Chocolate contains Cocoa Solids 25%, Milk Solids minimum 24%. Contains milk and soy.
Allergen:
May Be Present Tree Nuts, May Be Present Peanuts, Contains Soy, Contains Milk
Servings Per Pack:
7.04
Storage Instructions:
PLEASE STORE IN COOL, DRY CONDITIONS.
Size:
176g
Code: 3407503P
3 4 0 7 5 0 3 P
Customers also purchased
Nestle Kitkat Milk Choc Easter Egg Gift Box 173g on special
Nestle Kitkat Milk Choc Easter Egg Gift Box
173g on special
$8.00
save
$2.00
173g $4.62 per 100G
Unit Price
Add
1
for $8.00

Cadbury Caramilk Easter Gift Box 153g
Cadbury Caramilk Easter Gift Box
153g
$10.00
153g $6.54 per 100G
Unit Price
Add
1
for $10.00

Cadbury Caramello Easter Gift Box 193g
Cadbury Caramello Easter Gift Box
193g
$10.00
193g $5.18 per 100G
Unit Price
Add
1
for $10.00

Cadbury Humpty Easter Gift Box 130g on special
Cadbury Humpty Easter Gift Box
130g on special
buy any 2 for $10.00
Any 2
$ 10
regular price
$7.00 ea
each
130g $5.38 per 100G
Unit Price
Pick any 2 for $10.00 ..."	['/wcsstore/Coles-CAS/images/3/4/0/3407503-th.jpg', '/wcsstore/Coles-CAS/images/3/4/0/3407503_L-th.jpg', '/wcsstore/Coles-CAS/images/3/4/0/3407503_R-th.jpg', '/wcsstore/Coles-CAS/images/3/4/0/3407503_B-th.jpg']
Nestle	Kitkat Milk Choc Easter Egg Gift Box	$ 8 .00	173g	$4.62 per 100G	"Nutrition Facts
Serving size: 1 serving = 25 g
Qty
Quantity
per serving Qty
Quantity
per 100g / 100ml %
Percentage
daily intake*
Energy 580 kJ 2320 kJ 7%
Protein 1.7 g 6.9 g 3%
Total Fat
Not provided
33.9 g 12%
Saturated Fat 5.1 g 20.4 g 21%
Carbohydrate 13.7 g 54.8 g 4%
Sugars 13.6 g 54.3 g 15%
Sodium 16 mg 66 mg 1%
*Percentage Daily Intake per serving. Percentage Daily Intakes are based on an average adult diet of 8700 kJ. Your daily intakes may be higher or lower depending on your energy needs.
Disclaimer:
Product details, including nutritional information and country of origin, may change from time to time and so the product you receive in your order may not reflect the information on this page. Please check the packaging on any product you purchase and if it's not what you expected, feel free to return it for a full refund.
Details
Country of Origin:
MADE IN AUSTRALIA
Ingredients:
Ingredients (Kitkat Milk Chocolate Egg) Sugar, Milk Solids, Cocoa Butter^, Cocoa Mass^, Vegetable Fats [Emulsifier ( Soy Lecithin)], Emulsifier ( Soy Lecithin), Flavour. Ingredients (Kitkat Bunny) Sugar, Milk Solids, Vegetable Fat [Emulsifier ( Soy Lecithin)], Cocoa Butter^, Cocoa Mass^, Wheat Flour, Rice Flour, Choc Paste ( Milk, Wheat, Soy ), Cocoa^, Emulsifiers ( Soy Lecithin, 476), Raising Agent (Sodium Bicarbonate), Salt, Flavour, Yeast, Processing Aid ( Wheat ). Product Contains 57% Milk Chocolate, 39 % Choc Praline F Illing, 2% Wafer and 2% Cereal Biscuit. Ingredients (Kitkat Minis) Sugar, Milk Solids, Wheat Flour, Cocoa Butter^, Vegetable Fat [Emulsifier ( Soy Lecithin)], Cocoa Mass^, Choc Paste ( Milk , Soy, Wheat ), Emulsifiers ( Soy Lecithin, 476), Cocoa^, Yeast, Raising Agent (Sodium Bicarbonate), Salt, Flavour. Product Contains 69% Milk Chocolate and 31% Wafer Fingers. Contains Milk, Soy, Gluten, Wheat. May Contain Barley, Tree Nuts, Peanuts. Milk Chocolate Contains Minimum 22% Cocoa Solids and 24% Milk Solids. ^Rainforest Alliance Certified Cocoa. Find Out More at Ra.Org
Allergen:
May Be Present Barley, Contains Soybean, May Be Present Nuts, May Be Present Peanuts, Contains Wheat, Contains Milk, Contains Cereals Containing Gluten
Servings Per Pack:
4.0
Storage Instructions:
Store Cool and Dry.
Size:
173 g
Code: 4731529P
4 7 3 1 5 2 9 P
Customers also purchased
Cadbury Caramilk Easter Gift Box 153g
Cadbury Caramilk Easter Gift Box
153g
$10.00
153g $6.54 per 100G
Unit Price
Add
1
for $10.00

Cadbury Creme Egg Easter Gift Box 193g
Cadbury Creme Egg Easter Gift Box
193g
$10.00
193g $5.18 per 100G
Unit Price
Add
1
for $10.00

Cadbury Dairy Milk Easter Gift Box 176g
Cadbury Dairy Milk Easter Gift Box
176g
$10.00
176g $5.68 per 100G
Unit Price
Add
1
for $10.00

Cadbury Humpty Easter Gift Box 130g on special
Cadbury Humpty Easter Gift Box
130g on special
buy any 2 for $10.00
Any 2
$ 10
regular price
$7.00 ea
each
130g $5.38 per 100G
Unit Price
Pick any 2 for $10.00 ..."	['/wcsstore/Coles-CAS/images/4/7/3/4731529-th.jpg', '/wcsstore/Coles-CAS/images/4/7/3/4731529_L-th.jpg', '/wcsstore/Coles-CAS/images/4/7/3/4731529_R-th.jpg', '/wcsstore/Coles-CAS/images/4/7/3/4731529_B-th.jpg']
Cadbury	Caramilk Easter Gift Box	$ 10 .00	153g	$6.54 per 100G	"Nutrition Facts
Serving size: 1 serving = 25g
Qty
Quantity
per serving Qty
Quantity
per 100g / 100ml %
Percentage
daily intake*
Energy 584 KJ 2340 KJ 0
Energy Cal 0 0 0
Protein 1.7 G 6.9 G 0
Total Fat 8.5 G 33.9 G 0
Saturated Fat 5 G 20.2 G 0
Trans 0 0 0
Polyunsaturated 0 0 0
Mono Unsaturated 0 0 0
Carbohydrate 14.2 G 56.7 G 0
Sugars 14.2 G 56.7 G 0
Dietary Fibre Total 0 0 0
Sodium 21 MG 86 MG 0
*Percentage Daily Intake per serving. Percentage Daily Intakes are based on an average adult diet of 8700 kJ. Your daily intakes may be higher or lower depending on your energy needs.
Disclaimer:
Product details, including nutritional information and country of origin, may change from time to time and so the product you receive in your order may not reflect the information on this page. Please check the packaging on any product you purchase and if it's not what you expected, feel free to return it for a full refund.
Details
Country of Origin:
Made in Australia
Ingredients:
CARAMILK HOLLOW EGG INGREDIENTS: FULL CREAM MILK, SUGAR, COCOA BUTTER, MILK SOLIDS, EMULSIFIERS (SOY LECITHIN, 476), FLAVOUR. WHITE CHOCOLATE CONTAINS COCOA SOLIDS 25%, MILK SOLIDS 28%. CARAMILK SOLID EGGS INGREDIENTS: FULL CREAM MILK, SUGAR, COCOA BUTTER, MILK SOLIDS, EMULSIFIERS (SOY LECITHIN, 476), FLAVOUR. WHITE CHOCOLATE CONTAINS COCOA SOLIDS 23%, MILK SOLIDS 29%.
Allergen:
May Be Present Tree Nuts, May Be Present Peanuts, Contains Soy, Contains Milk
Servings Per Pack:
6.12
Storage Instructions:
PLEASE STORE IN COOL, DRY CONDITIONS.
Size:
153g
Code: 3956567P
3 9 5 6 5 6 7 P
Customers also purchased
Nestle Kitkat Milk Choc Easter Egg Gift Box 173g on special
Nestle Kitkat Milk Choc Easter Egg Gift Box
173g on special
$8.00
save
$2.00
173g $4.62 per 100G
Unit Price
Add
1
for $8.00

Cadbury Creme Egg Easter Gift Box 193g
Cadbury Creme Egg Easter Gift Box
193g
$10.00
193g $5.18 per 100G
Unit Price
Add
1
for $10.00

Cadbury Dairy Milk Easter Gift Box 176g
Cadbury Dairy Milk Easter Gift Box
176g
$10.00
176g $5.68 per 100G
Unit Price
Add
1
for $10.00

Cadbury Humpty Easter Gift Box 130g on special
Cadbury Humpty Easter Gift Box
130g on special
buy any 2 for $10.00
Any 2
$ 10
regular price
$7.00 ea
each
130g $5.38 per 100G
Unit Price
Pick any 2 for $10.00 ..."	['/wcsstore/Coles-CAS/images/3/9/5/3956567-th.jpg', '/wcsstore/Coles-CAS/images/3/9/5/3956567_L-th.jpg', '/wcsstore/Coles-CAS/images/3/9/5/3956567_B-th.jpg']
Nestle	Milkybar White Chocolate Easter Egg Gift Box	$ 8 .00	168g	$4.76 per 100G	"Nutrition Facts
Serving size: 1 serving = 25 g
Qty
Quantity
per serving Qty
Quantity
per 100g / 100ml %
Percentage
daily intake*
Energy 600 kJ 2420 kJ 7%
Protein 1.8 g 7.4 g 4%
Total Fat
Not provided
38.2 g 14%
Saturated Fat 5.6 g 23.3 g 23%
Carbohydrate 12.9 g 51.7 g 4%
Sugars 12.9 g 51.7 g 14%
Sodium 19 mg 77 mg 1%
*Percentage Daily Intake per serving. Percentage Daily Intakes are based on an average adult diet of 8700 kJ. Your daily intakes may be higher or lower depending on your energy needs.
Disclaimer:
Product details, including nutritional information and country of origin, may change from time to time and so the product you receive in your order may not reflect the information on this page. Please check the packaging on any product you purchase and if it's not what you expected, feel free to return it for a full refund.
Details
Country of Origin:
MADE IN AUSTRALIA
Ingredients:
Ingredients (White Choc Easter Egg) Sugar, Vegetable Fats [Emulsifier ( Soy Lecithin)], Milk Solids, Emulsifier ( Soy Lecithin), Flavour. Ingredients (Milkybar Minis) Confectionery Sugar, Milk Solids, Vegetable Fats [Emulsifier ( Soy Lecithin)], Emulsifiers ( Soy Lecithin, 476), Flavour. Contains Milk, Soy. May Contain Tree Nuts, Peanuts, Gluten, Wheat, Barley.
Allergen:
May Be Present Cereals Containing Gluten, May Be Present Barley, Contains Soybean, May Be Present Nuts, May Be Present Peanuts, May Be Present Wheat, Contains Milk
Servings Per Pack:
4.0
Storage Instructions:
Store Cool and Dry.
Size:
168 g
Code: 4732918P
4 7 3 2 9 1 8 P
Customers also purchased
Nestle Kitkat Milk Choc Easter Egg Gift Box 173g on special
Nestle Kitkat Milk Choc Easter Egg Gift Box
173g on special
$8.00
save
$2.00
173g $4.62 per 100G
Unit Price
Add
1
for $8.00

Cadbury Caramilk Easter Gift Box 153g
Cadbury Caramilk Easter Gift Box
153g
$10.00
153g $6.54 per 100G
Unit Price
Add
1
for $10.00

Cadbury Dairy Milk Easter Gift Box 176g
Cadbury Dairy Milk Easter Gift Box
176g
$10.00
176g $5.68 per 100G
Unit Price
Add
1
for $10.00

Cadbury Humpty Easter Gift Box 130g on special
Cadbury Humpty Easter Gift Box
130g on special
buy any 2 for $10.00
Any 2
$ 10
regular price
$7.00 ea
each
130g $5.38 per 100G
Unit Price
Pick any 2 for $10.00 ..."	['/wcsstore/Coles-CAS/images/4/7/3/4732918-th.jpg', '/wcsstore/Coles-CAS/images/4/7/3/4732918_L-th.jpg', '/wcsstore/Coles-CAS/images/4/7/3/4732918_R-th.jpg', '/wcsstore/Coles-CAS/images/4/7/3/4732918_B-th.jpg']
Cadbury	Caramello Easter Gift Box	$ 10 .00	193g	$5.18 per 100G	"Nutrition Facts
Serving size: 1 serving = 25g
Qty
Quantity
per serving Qty
Quantity
per 100g / 100ml %
Percentage
daily intake*
Energy 540 KJ 2160 KJ 0
Energy Cal 0 0 0
Protein 1.7 G 6.8 G 0
Total Fat 7.1 G 28.3 G 0
Saturated Fat 4.3 G 17 G 0
Trans 0 0 0
Polyunsaturated 0 0 0
Mono Unsaturated 0 0 0
Carbohydrate 14.5 G 57.8 G 0
Sugars 13.1 G 52.2 G 0
Dietary Fibre Total 0 0 0
Sodium 23 MG 92 MG 0
*Percentage Daily Intake per serving. Percentage Daily Intakes are based on an average adult diet of 8700 kJ. Your daily intakes may be higher or lower depending on your energy needs.
Disclaimer:
Product details, including nutritional information and country of origin, may change from time to time and so the product you receive in your order may not reflect the information on this page. Please check the packaging on any product you purchase and if it's not what you expected, feel free to return it for a full refund.
Details
Country of Origin:
Made in Australia from Imported and Local Ingredients
Ingredients:
DAIRY MILK MILK CHOCOLATE HOLLOW EGG INGREDIENTS: FULL CREAM MILK, SUGAR, COCOA BUTTER, COCOA MASS, MILK SOLIDS, EMULSIFIERS (SOY LECITHIN, 476), FLAVOURS. MILK CHOCOLATE CONTAINS COCOA SOLIDS 28%, MILK SOLIDS MINIMUM 24%. CARAMELLO EGGS PRODUCT CONTAINS MILK CHOCOLATE (70%), CARAMEL (30%).INGREDIENTS: FULL CREAM MILK, SUGAR, GLUCOSE SYRUP, COCOA BUTTER, COCOA MASS, MILK SOLIDS, SWEETENED CONDENSED MILK (MILK, SUGAR), VEGETABLE FAT, INVERT SUGAR, EMULSIFIERS (SOY LECITHIN, 476, 471), ACIDITY REGULATOR (331), FLAVOURS, SALT. MILK CHOCOLATE CONTAINS COCOA SOLIDS 28%, MILK SOLIDS MINIMUM 24%.
Contains:
Milk chocolate contains cocoa solid 25%, milk solids minimum 24%. Caramello eggs contains milk chocolate (70%), caramel (30%).
Allergen:
May Be Present Tree Nuts, May Be Present Peanuts, Contains Soy, Contains Milk
Servings Per Pack:
7.72
Storage Instructions:
PLEASE STORE IN COOL, DRY CONDITIONS.
Size:
193g
Code: 3407570P
3 4 0 7 5 7 0 P
Customers also purchased
Cadbury Caramilk Easter Gift Box 153g
Cadbury Caramilk Easter Gift Box
153g
$10.00
153g $6.54 per 100G
Unit Price
Add
1
for $10.00

Cadbury Creme Egg Easter Gift Box 193g
Cadbury Creme Egg Easter Gift Box
193g
$10.00
193g $5.18 per 100G
Unit Price
Add
1
for $10.00

Cadbury Dairy Milk Easter Gift Box 176g
Cadbury Dairy Milk Easter Gift Box
176g
$10.00
176g $5.68 per 100G
Unit Price
Add
1
for $10.00

Nestle Milkybar White Chocolate Easter Egg Gift Box 168g on special
Nestle Milkybar White Chocolate Easter Egg Gift Box
168g on special
$8.00
save
$2.00
168g $4.76 per 100G
Unit Price
Add
1
for $8.00"	['/wcsstore/Coles-CAS/images/3/4/0/3407570-th.jpg', '/wcsstore/Coles-CAS/images/3/4/0/3407570_L-th.jpg', '/wcsstore/Coles-CAS/images/3/4/0/3407570_R-th.jpg', '/wcsstore/Coles-CAS/images/3/4/0/3407570_B-th.jpg']
Celebrations	Milk Chocolate Easter Egg	$ 10 .00	165g	$6.06 per 100G	"Nutrition Facts
Serving size: 1 serving = 25 g
Qty
Quantity
per serving Qty
Quantity
per 100g / 100ml %
Percentage
daily intake*
Energy 544 kJ 2180 kJ
Not provided
Protein 1.6 g 6.3 g
Not provided
Total Fat 6.9 g 27.6 g
Not provided
Saturated Fat 4.1 g 16.3 g
Not provided
Carbohydrate 15.2 g 60.9 g
Not provided
Sugars 14.5 g 57.8 g
Not provided
Sodium 33 mg 130 mg
Not provided
*Percentage Daily Intake per serving. Percentage Daily Intakes are based on an average adult diet of 8700 kJ. Your daily intakes may be higher or lower depending on your energy needs.
Disclaimer:
Product details, including nutritional information and country of origin, may change from time to time and so the product you receive in your order may not reflect the information on this page. Please check the packaging on any product you purchase and if it's not what you expected, feel free to return it for a full refund.
Details
Country of Origin:
MADE IN AUSTRALIA
Ingredients:
MILK CHOCOLATE EGG & CELEBRATIONS PIECES. INGREDIENTS: SUGAR, MILK SOLIDS, COCOA BUTTER, COCOA MASS, VEGETABLE FAT, PEANUTS, DESSICCATED COCONUT, GLUCOSE SYRUP, EMULSIFIERS (SOY LECITHIN, 476, 471), MALT EXTRACT (BARLEY), FLAVOURS, COCOA POWDER, SALT, HUMECTANT (422), EGG WHITE, WHEAT FLOUR, RAISING AGENTS (341, 501, 500), WHEAT GLUTEN.
Servings Per Pack:
6.6
Storage Instructions:
STORE IN A COOL DRY PLACE.
Size:
165 g e
Code: 5766358P
5 7 6 6 3 5 8 P
Customers also purchased
Cadbury Dairy Milk Easter Gift Box 176g
Cadbury Dairy Milk Easter Gift Box
176g
$10.00
176g $5.68 per 100G
Unit Price
Add
1
for $10.00

Cadbury Humpty Easter Gift Box 130g on special
Cadbury Humpty Easter Gift Box
130g on special
buy any 2 for $10.00
Any 2
$ 10
regular price
$7.00 ea
each
130g $5.38 per 100G
Unit Price
Pick any 2 for $10.00 ...

Cadbury Easter Bunny Tin 164g on special
Cadbury Easter Bunny Tin
164g on special
$8.00
save
$4.00
164g $4.88 per 100G
Unit Price
Add
1
for $8.00

Mars Milk Chocolate Easter Bunny Casket 175g new product
Mars Milk Chocolate Easter Bunny Casket
175g new product
$10.00
175g $5.71 per 100G
Unit Price
Add
1
for $10.00"	[]
Kit Kat	Milo Gift Box	$ 8 .00	165g	$4.85 per 100G	"Nutrition Facts
Serving size: 1 serving = 25 g
Qty
Quantity
per serving Qty
Quantity
per 100g / 100ml %
Percentage
daily intake*
Energy 580 kJ 2320 kJ 7%
Protein 1.7 g 6.9 g 3%
Total Fat
Not provided
33.9 g 12%
Saturated Fat 5.1 g 20.4 g 21%
Carbohydrate 13.7 g 54.8 g 4%
Sugars 13.6 g 54.3 g 15%
Sodium 16 mg 66 mg 1%
*Percentage Daily Intake per serving. Percentage Daily Intakes are based on an average adult diet of 8700 kJ. Your daily intakes may be higher or lower depending on your energy needs.
Disclaimer:
Product details, including nutritional information and country of origin, may change from time to time and so the product you receive in your order may not reflect the information on this page. Please check the packaging on any product you purchase and if it's not what you expected, feel free to return it for a full refund.
Details
Country of Origin:
MADE IN AUSTRALIA
Ingredients:
Kitkat Milk Chocolate Egg Ingredients: Sugar, Milk Solids, Cocoa Butter^, Cocoa Mass^, Vegetable Fats [Emulsifier ( Soy Lecithin)], Emulsifier ( Soy Lecithin), Flavour. Kitkat Chunky Milo Ingredients: Sugar, Vegetable Fat [Emulsifier ( Soy Lecithin)], Formulated Supplementary Food Base: Milo (16%) [Extract of Malt Barley Or Malt Barley and Rice, Milk Solids, Sugar, Cocoa^, Choc Malt Blend ( Barley , Milk, Soy ), Minerals (Calcium, Iron), Maltodextrin (Corn), Emulsifier ( Soy Lecithin), Vitamins (C, B3, B6, B2, D, B12)], Milk Solids, Wheat Flour, Cocoa Butter^, Cocoa Mass^, Choc Paste ( Milk , Wheat , Soy ), Glucose, Emulsifiers ( Soy Lecithin, 476), Cocoa^, Flavour, Raising Agent (Sodium Bicarbonate), Salt, Yeast, Processing Aid ( Wheat ). Product Contains 53% Milk Chocolate, 16% Wafer Finger and 31% Milo Based Soft Filling. Contains Milk, Soy, Gluten, Wheat. May Contain Peanut, Tree Nut. Milk Chocolate Contains Minimum 22% Cocoa Solids and 24% Milk Solids. ^Rainforest Alliance Certified Cocoa. Find Out More at Ra.Org
Allergen:
Contains Soybean, May Be Present Nuts, May Be Present Peanuts, Contains Wheat, Contains Milk, Contains Cereals Containing Gluten
Servings Per Pack:
4.0
Storage Instructions:
Store Cool and Dry.
Size:
165 g
Code: 5747819P
5 7 4 7 8 1 9 P
Customers also purchased
Nestle Kitkat Milk Choc Easter Egg Gift Box 173g on special
Nestle Kitkat Milk Choc Easter Egg Gift Box
173g on special
$8.00
save
$2.00
173g $4.62 per 100G
Unit Price
Add
1
for $8.00

Cadbury Caramilk Easter Gift Box 153g
Cadbury Caramilk Easter Gift Box
153g
$10.00
153g $6.54 per 100G
Unit Price
Add
1
for $10.00

Cadbury Humpty Easter Gift Box 130g on special
Cadbury Humpty Easter Gift Box
130g on special
buy any 2 for $10.00
Any 2
$ 10
regular price
$7.00 ea
each
130g $5.38 per 100G
Unit Price
Pick any 2 for $10.00 ...

Cadbury Easter Bunny Tin 164g on special
Cadbury Easter Bunny Tin
164g on special
$8.00
save
$4.00
164g $4.88 per 100G
Unit Price
Add
1
for $8.00"	['/wcsstore/Coles-CAS/images/5/7/4/5747819-th.jpg', '/wcsstore/Coles-CAS/images/5/7/4/5747819_B-th.jpg']
Cadbury	Creme Egg Easter Gift Box	$ 10 .00	193g	$5.18 per 100G	"Nutrition Facts
Serving size: 1 serving = 25g
Qty
Quantity
per serving Qty
Quantity
per 100g / 100ml %
Percentage
daily intake*
Energy 535 KJ 2140 KJ 0
Energy Cal 0 0 0
Protein 1.2 G 4.9 G 0
Total Fat 6.6 G 26.2 G 0
Saturated Fat 4 G 15.8 G 0
Trans 0 0 0
Polyunsaturated 0 0 0
Mono Unsaturated 0 0 0
Carbohydrate 15.7 G 62.9 G 0
Sugars 15.2 G 60.8 G 0
Dietary Fibre Total 0 0 0
Sodium 18 MG 73 MG 0
*Percentage Daily Intake per serving. Percentage Daily Intakes are based on an average adult diet of 8700 kJ. Your daily intakes may be higher or lower depending on your energy needs.
Disclaimer:
Product details, including nutritional information and country of origin, may change from time to time and so the product you receive in your order may not reflect the information on this page. Please check the packaging on any product you purchase and if it's not what you expected, feel free to return it for a full refund.
Details
Country of Origin:
Made in Australia from Imported and Local Ingredients
Ingredients:
DAIRY MILK MILK CHOCOLATE HOLLOW EGG INGREDIENTS: FULL CREAM MILK, SUGAR, COCOA BUTTER, COCOA MASS, MILK SOLIDS, EMULSIFIERS (SOY LECITHIN, 476), FLAVOURS. MILK CHOCOLATE CONTAINS COCOA SOLIDS 28%, MILK SOLIDS MINIMUM 24%. MINI CREME EGGS PRODUCT CONTAINS MILK CHOCOLATE (70%), FONDANT CENTRE (30%). INGREDIENTS: SUGAR, MILK SOLIDS, COCOA BUTTER, COCOA MASS, INVERT SUGAR, GLUCOSE SYRUP, EMULSIFIERS (SOY LECITHIN, 476), HUMECTANT (422), PRESERVATIVE (202), FOOD ACID (260), FLAVOURS, COLOUR (100). MILK CHOCOLATE CONTAINS COCOA SOLIDS 26%, MILK SOLIDS 23%.
Contains:
Milk chocolate contains cocoa solids 28%, milk solids minimum 24%. Milk and soy.
Allergen:
May Be Present Tree Nuts, May Be Present Peanuts, Contains Soy, Contains Milk
Servings Per Pack:
7.72
Storage Instructions:
PLEASE STORE IN COOL, DRY CONDITIONS.
Size:
193g
Warning:
NOT ALL VARIETIES OF CADBURY CREME EGG HAVE THE SAME ALLERGENS
Code: 3651049P
3 6 5 1 0 4 9 P
Customers also purchased
Nestle Kitkat Milk Choc Easter Egg Gift Box 173g on special
Nestle Kitkat Milk Choc Easter Egg Gift Box
173g on special
$8.00
save
$2.00
173g $4.62 per 100G
Unit Price
Add
1
for $8.00

Cadbury Caramilk Easter Gift Box 153g
Cadbury Caramilk Easter Gift Box
153g
$10.00
153g $6.54 per 100G
Unit Price
Add
1
for $10.00

Cadbury Dairy Milk Easter Gift Box 176g
Cadbury Dairy Milk Easter Gift Box
176g
$10.00
176g $5.68 per 100G
Unit Price
Add
1
for $10.00

Cadbury Humpty Easter Gift Box 130g on special
Cadbury Humpty Easter Gift Box
130g on special
buy any 2 for $10.00
Any 2
$ 10
regular price
$7.00 ea
each
130g $5.38 per 100G
Unit Price
Pick any 2 for $10.00 ..."	['/wcsstore/Coles-CAS/images/3/6/5/3651049-th.jpg', '/wcsstore/Coles-CAS/images/3/6/5/3651049_L-th.jpg', '/wcsstore/Coles-CAS/images/3/6/5/3651049_B-th.jpg']
Cadbury	Dairy Milk Easter Egg Gift Box	$ 20 .00	400g	$5.00 per 100G	"Nutrition Facts
Serving size: 1 serving = 25g
Qty
Quantity
per serving Qty
Quantity
per 100g / 100ml %
Percentage
daily intake*
Energy 565 KJ 2260 KJ 0
Energy Cal 0 0 0
Protein 1.9 G 7.5 G 0
Total Fat 7.9 G 31.4 G 0
Saturated Fat 4.7 G 18.7 G 0
Trans 0 0 0
Polyunsaturated 0 0 0
Mono Unsaturated 0 0 0
Carbohydrate 14 G 56.1 G 0
Sugars 13.7 G 54.8 G 0
Dietary Fibre Total 0 0 0
Sodium 20 MG 82 MG 0
*Percentage Daily Intake per serving. Percentage Daily Intakes are based on an average adult diet of 8700 kJ. Your daily intakes may be higher or lower depending on your energy needs.
Disclaimer:
Product details, including nutritional information and country of origin, may change from time to time and so the product you receive in your order may not reflect the information on this page. Please check the packaging on any product you purchase and if it's not what you expected, feel free to return it for a full refund.
Details
Country of Origin:
Made in Australia from Imported and Local Ingredients
Ingredients:
DAIRY MILK MILK CHOCOLATE HOLLOW EGG INGREDIENTS: FULL CREAM MILK, SUGAR, COCOA BUTTER, COCOA MASS, MILKSOLIDS, EMULSIFIERS (SOYLECITHIN, 476), FLAVOURS. MILK CHOCOLATE CONTAINS COCOA SOLIDS 28%, MILK SOLIDS MINIMUM 24%. CONTAINS MILK, SOY. MAY CONTAIN PEANUTS, TREE NUTS. DAIRY MILK MILK CHOCOLATE SOLID EGGS INGREDIENTS: FULL CREAM MILK, SUGAR, COCOA BUTTER, COCOA MASS, MILKSOLIDS, EMULSIFIERS (SOYLECITHIN, 476), FLAVOURS. MILK CHOCOLATE CONTAINS COCOA SOLIDS 28%, MILK SOLIDS MINIMUM 24%. CONTAINS MILK, SOY. MAY CONTAIN PEANUTS, TREE NUTS.
Contains:
Milk Chocolate contains Cocoa Solids 25%, Milk Solids minimum 24%. Contains Milk and Soy.
Allergen:
May Be Present Tree Nuts, May Be Present Peanuts, Contains Soy, Contains Milk
Servings Per Pack:
16.0
Storage Instructions:
PLEASE STORE IN COOL, DRY CONDITIONS.
Size:
400g
Code: 3407605P
3 4 0 7 6 0 5 P
Customers also purchased
Cadbury Cherry Ripe Hollow Easter Egg 110g on special
Cadbury Cherry Ripe Hollow Easter Egg
110g on special
buy any 2 for $6.00
Any 2
$ 6
regular price
$4.00 ea
each
110g $3.64 per 100G
Unit Price
Pick any 2 for $6.00 ..."	['/wcsstore/Coles-CAS/images/3/4/0/3407605-th.jpg', '/wcsstore/Coles-CAS/images/3/4/0/3407605_B-th.jpg']
Cadbury	Marvellous Creations Easter Bunny Gift Box	$ 12 .00	232g	$5.17 per 100G	"Nutrition Facts
Serving size: 1 serving = 25g
Qty
Quantity
per serving Qty
Quantity
per 100g / 100ml %
Percentage
daily intake*
Energy 556 KJ 2220 KJ 0
Energy Cal 0 0 0
Protein 1.8 G 7.1 G 0
Total Fat 7.4 G 29.7 G 0
Saturated Fat 4.4 G 17.7 G 0
Trans 0 0 0
Polyunsaturated 0 0 0
Mono Unsaturated 0 0 0
Carbohydrate 14.5 G 58 G 0
Sugars 14 G 56.1 G 0
Dietary Fibre Total 0 0 0
Sodium 20 MG 81 MG 0
*Percentage Daily Intake per serving. Percentage Daily Intakes are based on an average adult diet of 8700 kJ. Your daily intakes may be higher or lower depending on your energy needs.
Disclaimer:
Product details, including nutritional information and country of origin, may change from time to time and so the product you receive in your order may not reflect the information on this page. Please check the packaging on any product you purchase and if it's not what you expected, feel free to return it for a full refund.
Details
Country of Origin:
Made in Australia
Ingredients:
DAIRY MILK MILK CHOCOLATE HOLLOW EGG INGREDIENTS: FULL CREAM MILK, SUGAR, COCOA BUTTER, COCOA MASS, MILK SOLIDS, EMULSIFIERS (SOY LECITHIN, 476), FLAVOURS. MILK CHOCOLATE CONTAINS COCOA SOLIDS 28%, MILK SOLIDS MINIMUM 24%. CONTAINS MILK, SOY. MAY CONTAIN PEANUTS, TREE NUTS. MARVELLOUS CREATIONS BUNNIES PRODUCT CONTAINS MILK CHOCOLATE (91%), BEANIES (3.5%), RASPBERRY FLAVOURED JELLY PIECES (3%), POPPING CANDY (2.5%). INGREDIENTS: FULL CREAM MILK, SUGAR, COCOA BUTTER, COCOA MASS, MILK SOLIDS, BEANIES (CONTAIN MILK, SPIRULINA EXTRACT, COLOURS (163, 100, 141, 160a)), RASPBERRY FLAVOURED JELLY PIECES (CONTAIN FLAVOUR), POPPING CANDY (CONTAINS MILK, CARBON DIOXIDE), EMULSIFIERS (SOY LECITHIN, 476), FLAVOURS. MILK CHOCOLATE CONTAINS COCOA SOLIDS 27%, MILK SOLIDS MINIMUM 24%. CONTAINS MILK, SOY. MAY CONTAIN WHEAT, GLUTEN, PEANUTS, TREE NUTS.
Allergen:
May Be Present Tree Nuts, May Be Present Peanuts, May Be Present Wheat, May Be Present Gluten, Contains Soy, Contains Milk
Servings Per Pack:
9.28
Storage Instructions:
PLEASE STORE IN COOL, DRY CONDITIONS.
Size:
232g
Code: 5766008P
5 7 6 6 0 0 8 P
Customers also purchased
Cadbury Dairy Milk Easter Gift Box 176g
Cadbury Dairy Milk Easter Gift Box
176g
$10.00
176g $5.68 per 100G
Unit Price
Add
1
for $10.00

Darrell Lea Nougat Egg Milk Chocolate 150g
Darrell Lea Nougat Egg Milk Chocolate
150g
$8.50
150g $5.67 per 100G
Unit Price
Add
1
for $8.50

Cadbury Humpty Easter Gift Box 130g on special
Cadbury Humpty Easter Gift Box
130g on special
buy any 2 for $10.00
Any 2
$ 10
regular price
$7.00 ea
each
130g $5.38 per 100G
Unit Price
Pick any 2 for $10.00 ...

Mars Milk Chocolate Easter Bunny Casket 175g new product
Mars Milk Chocolate Easter Bunny Casket
175g new product
$10.00
175g $5.71 per 100G
Unit Price
Add
1
for $10.00"	['/wcsstore/Coles-CAS/images/5/7/6/5766008-th.jpg', '/wcsstore/Coles-CAS/images/5/7/6/5766008_L-th.jpg', '/wcsstore/Coles-CAS/images/5/7/6/5766008_R-th.jpg', '/wcsstore/Coles-CAS/images/5/7/6/5766008_B-th.jpg']
Mars	Milk Chocolate Easter Bunny Casket	$ 10 .00	175g	$5.71 per 100G	"Nutrition Facts
Serving size: 1 serving = 25 g
Qty
Quantity
per serving Qty
Quantity
per 100g / 100ml %
Percentage
daily intake*
Energy 532 kJ 2130 kJ
Not provided
Protein 1.4 g 5.7 g
Not provided
Total Fat 6.4 g 25.8 g
Not provided
Saturated Fat 3.7 g 14.8 g
Not provided
Carbohydrate 15.7 g 62.7 g
Not provided
Sugars 14.5 g 58.1 g
Not provided
Sodium 30 mg 120 mg
Not provided
*Percentage Daily Intake per serving. Percentage Daily Intakes are based on an average adult diet of 8700 kJ. Your daily intakes may be higher or lower depending on your energy needs.
Disclaimer:
Product details, including nutritional information and country of origin, may change from time to time and so the product you receive in your order may not reflect the information on this page. Please check the packaging on any product you purchase and if it's not what you expected, feel free to return it for a full refund.
Details
Country of Origin:
MADE IN AUSTRALIA
Ingredients:
MILK CHOCOLATE EGG INGREDIENTS: SUGAR, MILK SOLIDS, COCOA BUTTER, COCOA MASS, VEGETABLE FAT, EMULSIFIERS (SOY LECITHIN, 476), FLAVOUR. MILK CHOCOLATE CONTAINS COCOA SOLIDS 25%, MILK SOLIDS 26%. MARS BAR CONTAINS MILK CHOCOLATE 40%, NOUGAT 31%, CARAMEL 28% INGREDIENTS: SUGAR, GLUCOSE SYRUP (SOURCES INCLUDE WHEAT), MILK SOLIDS, COCOA MASS, COCOA BUTTER, VEGETABLE OIL, VEGETABLE FAT, BARLEY MALT EXTRACT, EMULSIFIER (SOY LECITHIN), SALT, EGG WHITE, NATURAL FLAVOUR (VANILLA EXTRACT). MILK CHOCOLATE CONTAINS A MINIMUM OF 25% COCOA SOLIDS AND 22% MILK SOLIDS.
Servings Per Pack:
7.0
Storage Instructions:
STORE IN A COOL DRY PLACE
Size:
175 g e
Code: 4735610P
4 7 3 5 6 1 0 P
Customers also purchased
Cadbury Dairy Milk Easter Gift Box 176g
Cadbury Dairy Milk Easter Gift Box
176g
$10.00
176g $5.68 per 100G
Unit Price
Add
1
for $10.00

Nestle Milkybar White Chocolate Easter Egg Gift Box 168g on special
Nestle Milkybar White Chocolate Easter Egg Gift Box
168g on special
$8.00
save
$2.00
168g $4.76 per 100G
Unit Price
Add
1
for $8.00

Cadbury Humpty Easter Gift Box 130g on special
Cadbury Humpty Easter Gift Box
130g on special
buy any 2 for $10.00
Any 2
$ 10
regular price
$7.00 ea
each
130g $5.38 per 100G
Unit Price
Pick any 2 for $10.00 ...

Celebrations Milk Chocolate Easter Egg 165g new product
Celebrations Milk Chocolate Easter Egg
165g new product
$10.00
165g $6.06 per 100G
Unit Price
Add
1
for $10.00"	['/wcsstore/Coles-CAS/images/4/7/3/4735610-th.jpg', '/wcsstore/Coles-CAS/images/4/7/3/4735610_B-th.jpg']
Lindt	Lindor Milk Mini Eggs & Milk Egg Giftbox	$ 11 .25	83g	$13.55 per 100G	"Nutrition Facts
Qty
Quantity
per serving Qty
Quantity
per 100g / 100ml %
Percentage
daily intake*
Energy 490kJ 2450kJ
Not provided
Protein 1.5g 7.3g
Not provided
Total Fat 8.6g 43.1g
Not provided
Saturated Fat 5.9g 29.3g
Not provided
Carbohydrate 8.0g 39.9g
Not provided
Sugars 7.5g 37.6g
Not provided
Sodium 13mg 63mg
Not provided
*Percentage Daily Intake per serving. Percentage Daily Intakes are based on an average adult diet of 8700 kJ. Your daily intakes may be higher or lower depending on your energy needs.
Disclaimer:
Product details, including nutritional information and country of origin, may change from time to time and so the product you receive in your order may not reflect the information on this page. Please check the packaging on any product you purchase and if it's not what you expected, feel free to return it for a full refund.
Details
Country of Origin:
Lindor Mini Eggs manufactured in
Contains:
Milk Chocolate contains: cocoa solids 30% min., milk solids 18% min.
Allergen:
May Be Present Peanuts
Size:
83g
Code: 3946199P
3 9 4 6 1 9 9 P"	['/wcsstore/Coles-CAS/images/3/9/4/3946199-th.jpg', '/wcsstore/Coles-CAS/images/3/9/4/3946199_B-th.jpg']
Lindt	Lindor Dark Mini Eggs & Dark Egg Giftbox	$ 11 .25	83g	$13.55 per 100G	"Nutrition Facts
Serving size: 1 serving = 20g
Qty
Quantity
per serving Qty
Quantity
per 100g / 100ml %
Percentage
daily intake*
Energy 486kJ 2430kJ
Not provided
Protein 1.3g 6.6g
Not provided
Total Fat 8.5g 42.6g
Not provided
Saturated Fat 5.8g 28.8g
Not provided
Carbohydrate 8.0g 39.9g
Not provided
Sugars 7.3g 36.5g
Not provided
Sodium 5mg 27mg
Not provided
*Percentage Daily Intake per serving. Percentage Daily Intakes are based on an average adult diet of 8700 kJ. Your daily intakes may be higher or lower depending on your energy needs.
Disclaimer:
Product details, including nutritional information and country of origin, may change from time to time and so the product you receive in your order may not reflect the information on this page. Please check the packaging on any product you purchase and if it's not what you expected, feel free to return it for a full refund.
Details
Country of Origin:
Lindor Mini Eggs manufactured in
Ingredients:
Cocoa mass, sugar, vegetable fats, cocoa butter, lactose, milk fat, skim milk powder, whole milk powder, vanilla, emulsifier (soy lecithin), flavourings, barley malt extract.
Contains:
70% Cocoa Dark Chocolate Egg contains: cocoa solids 70% min. LINDOR Dark Chocolate Mini Eggs contains: cocoa solids 41% min.
Allergen:
May Be Present Tree Nuts
Servings Per Pack:
4.1
Storage Instructions:
Store in a cool dry place
Size:
83g
Code: 3946177P
3 9 4 6 1 7 7 P"	['/wcsstore/Coles-CAS/images/3/9/4/3946177-th.jpg', '/wcsstore/Coles-CAS/images/3/9/4/3946177_B-th.jpg']
Lindt	Lindor Assorted Mini Eggs & Milk Egg Giftbox	$ 11 .25	83g	$13.55 per 100G	"Nutrition Facts
Serving size: 1 serving = 20g
Qty
Quantity
per serving Qty
Quantity
per 100g / 100ml %
Percentage
daily intake*
Energy 490kJ 2450kJ
Not provided
Protein 1.5g 7.3g
Not provided
Total Fat 8.6g 43.2g
Not provided
Saturated Fat 5.8g 29.1
Not provided
Carbohydrate 7.9g 39.6g
Not provided
Sugars 7.4g 36.8g
Not provided
Sodium 9mg 47mg
Not provided
*Percentage Daily Intake per serving. Percentage Daily Intakes are based on an average adult diet of 8700 kJ. Your daily intakes may be higher or lower depending on your energy needs.
Disclaimer:
Product details, including nutritional information and country of origin, may change from time to time and so the product you receive in your order may not reflect the information on this page. Please check the packaging on any product you purchase and if it's not what you expected, feel free to return it for a full refund.
Details
Country of Origin:
Lindor Mini Eggs manufactured in
Ingredients:
Sugar, cocoa butter, whole milk powder, cocoa mass, vegetable fats, lactose, skim milk powder, milk fat, emulsifier (soy lecithin), barley malt extract, flavourings.
Contains:
Milk Chocolate contains: cocoa solids 30% min., milk solids 18% min. Dark Chocolate contains: cocoa solids 41% min. White Chocolate contains: cocoa solids 20% min.
Allergen:
May Be Present Sesame
Servings Per Pack:
4.1
Storage Instructions:
Store in a cool dry place
Size:
83g
Code: 3946188P
3 9 4 6 1 8 8 P"	['/wcsstore/Coles-CAS/images/3/9/4/3946188-th.jpg', '/wcsstore/Coles-CAS/images/3/9/4/3946188_B-th.jpg']
Lindt	Hexagon Selection Box	$ 26 .00	250g	$10.40 per 100G	"Nutrition Facts
Serving size: 1 serving = 25g
Qty
Quantity
per serving Qty
Quantity
per 100g / 100ml %
Percentage
daily intake*
Energy 609kJ 2440kJ
Not provided
Protein 1.8g 7.3g
Not provided
Total Fat 10.3g 41.1g
Not provided
Saturated Fat 6.8g 27.4g
Not provided
Carbohydrate 11.3g 45.1g
Not provided
Sugars 10.8g 43.2g
Not provided
Sodium 18mg 73mg
Not provided
*Percentage Daily Intake per serving. Percentage Daily Intakes are based on an average adult diet of 8700 kJ. Your daily intakes may be higher or lower depending on your energy needs.
Disclaimer:
Product details, including nutritional information and country of origin, may change from time to time and so the product you receive in your order may not reflect the information on this page. Please check the packaging on any product you purchase and if it's not what you expected, feel free to return it for a full refund.
Details
Country of Origin:
Lindor eggs, gold bunnya s manufactured in Germany, carrot manufactured in Austria, milk egg chocolate manufactured in Switzerland,egg moulded and imported and packed in Australia
Ingredients:
Sugar, cocoa butter, whole milk powder, cocoa mass, vegetable fats, skim milk powder, lactose, emulsifier (soy lecithin), milk fat, barley malt extract, flavourings.
Contains:
Milk Chocolate contains: cocoa solids 30% min., milk solids 18% min.
Allergen:
May Be Present Sesame, May Be Present Tree Nuts, May Be Present Peanuts, May Be Present Wheat
Servings Per Pack:
10.0
Storage Instructions:
Store in a cool and dry place.
Size:
250g
Warning:
Quality Guarantee The incomparable taste of this Lindt chocolate product is due to our using the highest quality ingredients and our traditional Swiss manufacturing know-how. This product left our factory in impeccable condition. Were it damaged on its way to you, please return it to us and we will replace it. Chocoladefabriken Lindt & Sprngli AG Kilchberg / Switzerland
Code: 6088194P
6 0 8 8 1 9 4 P"	['/wcsstore/Coles-CAS/images/6/0/8/6088194-th.jpg', '/wcsstore/Coles-CAS/images/6/0/8/6088194_B-th.jpg']
Cadbury	15-Pack Happy Easter Eggs Carton	$ 10 .00	250g	$4.00 per 100G	"Nutrition Facts
Serving size: 1 serving = 17g
Qty
Quantity
per serving Qty
Quantity
per 100g / 100ml %
Percentage
daily intake*
Energy 385 kJ 2270 kJ 0
Energy Cal 0 0 0
Protein 1.3 g 7.7 g 0
Total Fat 5.4 g 31.5 g 0
Saturated Fat 3.2 g 19 g 0
Trans 0 0 0
Polyunsaturated 0 0 0
Mono Unsaturated 0 0 0
Carbohydrate 9.5 g 56.1 g 0
Sugars 9.3 g 54.8 g 0
Dietary Fibre Total 0 0 0
Sodium 14 mg 81 mg 0
*Percentage Daily Intake per serving. Percentage Daily Intakes are based on an average adult diet of 8700 kJ. Your daily intakes may be higher or lower depending on your energy needs.
Disclaimer:
Product details, including nutritional information and country of origin, may change from time to time and so the product you receive in your order may not reflect the information on this page. Please check the packaging on any product you purchase and if it's not what you expected, feel free to return it for a full refund.
Details
Ingredients:
INGREDIENTS: FULL CREAM MILK, SUGAR, COCOA BUTTER, COCOA MASS, MILK SOLIDS, EMULSIFIERS (SOY LECITHIN, 476), FLAVOURS.
Contains:
MILK CHOCOLATE CONTAINS COCOA SOLIDS 28%, MILK SOLIDS MINIMUM 24%.
Allergen:
May Be Present Tree Nuts, May Be Present Peanuts, Contains Soy, Contains Milk
Servings Per Pack:
14.7058823529412
Storage Instructions:
PLEASE STORE IN COOL, DRY CONDITIONS.
Size:
250g
Code: 6280792P
6 2 8 0 7 9 2 P
Customers also purchased
Lindt Easter Medley Bag 415g on special
Lindt Easter Medley Bag
415g on special
buy any 2 for $34.00
Any 2
$ 34
regular price
$34.00 ea
each
415g $8.19 per 100G
Unit Price
Pick any 2 for $34.00 ...

Cadbury Humpty Easter Eggs Carton 150g on special
Cadbury Humpty Easter Eggs Carton
150g on special
buy any 2 for $10.00
Any 2
$ 10
regular price
$7.00 ea
each
150g $4.67 per 100G
Unit Price
Pick any 2 for $10.00 ...

Cadbury 10-Pack Easter Eggs Crate 170g on special
Cadbury 10-Pack Easter Eggs Crate
170g on special
buy 2 for $12.00
2 for
$ 12
regular price
$8.00 ea
each
170g $4.71 per 100G
Unit Price
Add
2
for $12.00"	['/wcsstore/Coles-CAS/images/6/2/8/6280792-th.jpg', '/wcsstore/Coles-CAS/images/6/2/8/6280792_L-th.jpg', '/wcsstore/Coles-CAS/images/6/2/8/6280792_R-th.jpg', '/wcsstore/Coles-CAS/images/6/2/8/6280792_B-th.jpg']
Easter	Milk Chocolate Coins	$ 2 .00	100g	$2.00 per 100G	"Nutrition Facts
Qty
Quantity
per serving Qty
Quantity
per 100g / 100ml %
Percentage
daily intake*
Energy 539.10 2156.40
Not provided
Energy Cal 128.97 515.89
Not provided
Protein 1.40 5.60
Not provided
Total Fat 6.68 26.70
Not provided
Saturated Fat 4.15 16.60
Not provided
Trans 0.03 0.10
Not provided
Carbohydrate 15.53 62.10
Not provided
Sugars 15.28 61.10
Not provided
Dietary Fibre Total 0.55 2.20
Not provided
Sodium 27.00 108.00
Not provided
*Percentage Daily Intake per serving. Percentage Daily Intakes are based on an average adult diet of 8700 kJ. Your daily intakes may be higher or lower depending on your energy needs.
Disclaimer:
Product details, including nutritional information and country of origin, may change from time to time and so the product you receive in your order may not reflect the information on this page. Please check the packaging on any product you purchase and if it's not what you expected, feel free to return it for a full refund.
Details
Country of Origin:
Made in Italy
Ingredients:
INGREDIENTS: Sugar, Milk Solids, Cocoa Butter^, Cocoa Mass^, Emulsifier (Soy Lecithin), Natural Flavour.
Allergen:
May Contain Pine, May Contain Walnut, Contains SOY, May Contain Macadamia Nuts, May Contain Cashew, May Contain Hazelnuts, May Contain Brazil Nuts, May Contain Wheat, Contains MILK, May Contain Almonds, May Contain Pistachios, May Contain Gluten, May Contain Pecan
Code: 3645080P
3 6 4 5 0 8 0 P"	['/wcsstore/Coles-CAS/images/3/6/4/3645080-th.jpg', '/wcsstore/Coles-CAS/images/3/6/4/3645080_B-th.jpg']
Kinder	Joy Egg	$ 2 .25	20g	$11.25 per 100G	"Disclaimer:
Product details, including nutritional information and country of origin, may change from time to time and so the product you receive in your order may not reflect the information on this page. Please check the packaging on any product you purchase and if it's not what you expected, feel free to return it for a full refund.
Code: 3136417P
3 1 3 6 4 1 7 P
Customers also purchased
Cadbury Dairy Milk Hollow Easter Egg 100g on special
Cadbury Dairy Milk Hollow Easter Egg
100g on special
buy any 2 for $6.00
Any 2
$ 6
regular price
$4.00 ea
each
100g $4.00 per 100G
Unit Price
Pick any 2 for $6.00 ...

Kinder Surprise Chocolate Maxi Easter Egg Blue 100g on special
Kinder Surprise Chocolate Maxi Easter Egg Blue
100g on special
$7.60
save
$0.90
100g $7.60 per 100G
Unit Price
Add
1
for $7.60

Ferrero Rocher Easter Eggs 100g new product
Ferrero Rocher Easter Eggs
100g new product
$7.50
100g $7.50 per 100G
Unit Price
Add
1
for $7.50

Kinder Mini Milk Easter Eggs 240g on special
Kinder Mini Milk Easter Eggs
240g on special
$7.00
save
$2.00
240g $2.92 per 100G
Unit Price
Add
1
for $7.00"	['/wcsstore/Coles-CAS/images/3/1/3/3136417-th.jpg', '/wcsstore/Coles-CAS/images/3/1/3/3136417_L-th.jpg', '/wcsstore/Coles-CAS/images/3/1/3/3136417_R-th.jpg']
Lindt	Koala Bear	$ 8 .00	100g	$8.00 per 100G	"Disclaimer:
Product details, including nutritional information and country of origin, may change from time to time and so the product you receive in your order may not reflect the information on this page. Please check the packaging on any product you purchase and if it's not what you expected, feel free to return it for a full refund.
Details
Country of Origin:
Manufactured in Germany
Code: 4314634P
4 3 1 4 6 3 4 P"	['/wcsstore/Coles-CAS/images/4/3/1/4314634-th.jpg', '/wcsstore/Coles-CAS/images/4/3/1/4314634_L-th.jpg', '/wcsstore/Coles-CAS/images/4/3/1/4314634_B-th.jpg']
Kinder	Chicks	$ 1 .50	35g	$4.29 per 100G	"Disclaimer:
Product details, including nutritional information and country of origin, may change from time to time and so the product you receive in your order may not reflect the information on this page. Please check the packaging on any product you purchase and if it's not what you expected, feel free to return it for a full refund.
Code: 4788231P
4 7 8 8 2 3 1 P
Customers also purchased
Cadbury Marshmallow Easter Egg 35g everyday product
Cadbury Marshmallow Easter Egg
35g everyday product
$1.00
35g $2.86 per 100G
Unit Price
Add
1
for $1.00

Violet Crumble Bunny 30g on special
Violet Crumble Bunny
30g on special
$1.00
save
$0.25
30g $3.33 per 100G
Unit Price
Add
1
for $1.00

Kinder Surprise Chocolate Easter Bunny Pink 75g on special twenty percent off
Kinder Surprise Chocolate Easter Bunny Pink
75g on special twenty percent off
$4.00
save
$1.00
75g $5.33 per 100G
Unit Price
Add
1
for $4.00

Kinder Surprise Chocolate Easter Bunny Blue 75g on special twenty percent off
Kinder Surprise Chocolate Easter Bunny Blue
75g on special twenty percent off
$4.00
save
$1.00
75g $5.33 per 100G
Unit Price
Add
1
for $4.00"	['/wcsstore/Coles-CAS/images/4/7/8/4788231-th.jpg', '/wcsstore/Coles-CAS/images/4/7/8/4788231_L-th.jpg', '/wcsstore/Coles-CAS/images/4/7/8/4788231_R-th.jpg']
Easter	Belgian Milk Choc Pops	$ 2 .80	30g	$9.33 per 100G	"Nutrition Facts
Serving size: 1 serving = 30g
Qty
Quantity
per serving Qty
Quantity
per 100g / 100ml %
Percentage
daily intake*
Energy 813.37 2323.90
Not provided
Energy Cal 194.58 555.96
Not provided
Protein 2.84 8.10
Not provided
Total Fat 12.25 35.00
Not provided
Saturated Fat 7.58 21.65
Not provided
Trans 0.32 0.90
Not provided
Carbohydrate 18.20 52.00
Not provided
Sugars 17.85 51.00
Not provided
Dietary Fibre Total 0.32 0.90
Not provided
Sodium 33.60 96.00
Not provided
*Percentage Daily Intake per serving. Percentage Daily Intakes are based on an average adult diet of 8700 kJ. Your daily intakes may be higher or lower depending on your energy needs.
Disclaimer:
Product details, including nutritional information and country of origin, may change from time to time and so the product you receive in your order may not reflect the information on this page. Please check the packaging on any product you purchase and if it's not what you expected, feel free to return it for a full refund.
Details
Country of Origin:
Made in Belgium
Allergen:
May Contain SOY
Code: 3655141P
3 6 5 5 1 4 1 P
Customers also purchased
Easter Milk Chocolate Coins 100g while stocks last product
Easter Milk Chocolate Coins
100g while stocks last product
$2.00
100g $2.00 per 100G
Unit Price
Add
1
for $2.00

Cadbury Mini Eggs Easter Flip Top 41.5g on special
Cadbury Mini Eggs Easter Flip Top
41.5g on special
buy any 2 for $3.00
Any 2
$ 3
regular price
$2.00 ea
each
41.5g $4.82 per 100G
Unit Price
Pick any 2 for $3.00 ...

Kinder Chocolate Easter Bunnies 3 Pack 45g on special
Kinder Chocolate Easter Bunnies 3 Pack
45g on special
$2.20
save
$0.50
45g $4.89 per 100G
Unit Price
Add
1
for $2.20

Maltesers Milk Chocolate Easter Bunny 29g while stocks last product
Maltesers Milk Chocolate Easter Bunny
29g while stocks last product
$1.00
save
$0.25
29g $3.45 per 100G
Unit Price
Add
1
for $1.00"	['/wcsstore/Coles-CAS/images/3/6/5/3655141-th.jpg', '/wcsstore/Coles-CAS/images/3/6/5/3655141_L-th.jpg', '/wcsstore/Coles-CAS/images/3/6/5/3655141_R-th.jpg', '/wcsstore/Coles-CAS/images/3/6/5/3655141_B-th.jpg']
Easter	Milk Chocolate Hunt Bag	$ 5 .50	251g	$2.19 per 100G	"Disclaimer:
Product details, including nutritional information and country of origin, may change from time to time and so the product you receive in your order may not reflect the information on this page. Please check the packaging on any product you purchase and if it's not what you expected, feel free to return it for a full refund.
Details
Country of Origin:
Made in Germany
Code: 4514371P
4 5 1 4 3 7 1 P
Customers also purchased
Kit Kat Bunny 29g while stocks last product
Kit Kat Bunny
29g while stocks last product
$1.00
29g $3.45 per 100G
Unit Price
Add
1
for $1.00

Lindt Easter Medley Bag 415g on special
Lindt Easter Medley Bag
415g on special
buy any 2 for $34.00
Any 2
$ 34
regular price
$34.00 ea
each
415g $8.19 per 100G
Unit Price
Pick any 2 for $34.00 ...

Cadbury Humpty Easter Eggs Carton 150g on special
Cadbury Humpty Easter Eggs Carton
150g on special
buy any 2 for $10.00
Any 2
$ 10
regular price
$7.00 ea
each
150g $4.67 per 100G
Unit Price
Pick any 2 for $10.00 ...

Cadbury 10-Pack Easter Eggs Crate 170g on special
Cadbury 10-Pack Easter Eggs Crate
170g on special
buy 2 for $12.00
2 for
$ 12
regular price
$8.00 ea
each
170g $4.71 per 100G
Unit Price
Add
2
for $12.00"	['/wcsstore/Coles-CAS/images/4/5/1/4514371-th.jpg', '/wcsstore/Coles-CAS/images/4/5/1/4514371_B-th.jpg']
Chocolatier	Australia Puddles The Platypus	$ 15 .50	190g	$8.16 per 100G	"Nutrition Facts
Serving size: 1 serving = 25g
Qty
Quantity
per serving Qty
Quantity
per 100g / 100ml %
Percentage
daily intake*
Energy 577kJ 2310kJ
Not provided
Protein 2.5g 9.8g
Not provided
Total Fat 8.9g 35.4g
Not provided
Saturated Fat 5.4g 21.6g
Not provided
Carbohydrate 12.2g 48.8g
Not provided
Sugars 11.8g 47.3g
Not provided
Sodium 30mg 118mg
Not provided
*Percentage Daily Intake per serving. Percentage Daily Intakes are based on an average adult diet of 8700 kJ. Your daily intakes may be higher or lower depending on your energy needs.
Disclaimer:
Product details, including nutritional information and country of origin, may change from time to time and so the product you receive in your order may not reflect the information on this page. Please check the packaging on any product you purchase and if it's not what you expected, feel free to return it for a full refund.
Details
Country of Origin:
Made in Australia using local and imported goods
Ingredients:
Cocoa Solids (Cocoa Mass*, Cocoa Butter*), Sugar, Milk Solids, Emulsifier (Soy Lecithin), Flavour, *Rainforest Alliance Certified. Find out more at ra.org, Milk Chocolate (100%) contains 34% Cocoa Solids min. and 30% Milk Solids min.
Allergen:
Contains Soybean, May Contain Hazelnuts, May Contain Peanuts, May Contain Almonds, Contains Milk
Servings Per Pack:
7.5999
Storage Instructions:
Storage cool and dry 14-18c
Suitable for:
General consumption
Dimensions:
185 x 185 x 40mm
Usage Instructions:
Servings per package: 7.6, Serving size: 25g
Size:
190g
Preparation Instructions:
N/A
Code: 3951767P
3 9 5 1 7 6 7 P
Customers also purchased
Ferrero Rocher Easter Eggs 100g new product
Ferrero Rocher Easter Eggs
100g new product
$7.50
100g $7.50 per 100G
Unit Price
Add
1
for $7.50"	['/wcsstore/Coles-CAS/images/3/9/5/3951767-th.jpg', '/wcsstore/Coles-CAS/images/3/9/5/3951767_R-th.jpg', '/wcsstore/Coles-CAS/images/3/9/5/3951767_B-th.jpg']
Ferrero	Rocher Milk Chocolate And Hazelnut Hollow Squirrel	$ 5 .00	90g	$5.56 per 100G	"Nutrition Facts
Serving size: 1 serving = 20g
Qty
Quantity
per serving Qty
Quantity
per 100g / 100ml %
Percentage
daily intake*
Energy 514kJ 2570kJ
Not provided
Protein 1.5g 7.4g
Not provided
Total Fat 9.3g 46.4g
Not provided
Saturated Fat 4.5g 22.3g
Not provided
Carbohydrate 8.6g 42.8g
Not provided
Sugars 8.4g 41.8g
Not provided
Sodium 10mg 50mg
Not provided
*Percentage Daily Intake per serving. Percentage Daily Intakes are based on an average adult diet of 8700 kJ. Your daily intakes may be higher or lower depending on your energy needs.
Disclaimer:
Product details, including nutritional information and country of origin, may change from time to time and so the product you receive in your order may not reflect the information on this page. Please check the packaging on any product you purchase and if it's not what you expected, feel free to return it for a full refund.
Details
Country of Origin:
Made in Poland
Ingredients:
Milk Chocolate (80%) (Sugar, Cocoa Butter, Cocoa Mass, Skim Milk Powder, Anhydrous Milkfat, Emulsifier: Lecithins (Soy), Flavouring: Vanillin), Hazelnuts (20%). Milk Chocolate contains Cocoa Solids 42% min., Milk Solids 14% min.
Contains:
Milk, Hazelnuts, Soy.
Allergen:
Contains Hazelnuts, Contains Soy, Contains Milk
Storage Instructions:
Store in a cool dry place, away from direct sunlight.
Size:
90g
Code: 3414360P
3 4 1 4 3 6 0 P
Customers also purchased
Lindt Gold Bunny Hazelnut Chocolate 100g on special
Lindt Gold Bunny Hazelnut Chocolate
100g on special
$6.30
save
$1.70
100g $6.30 per 100G
Unit Price
Add
1
for $6.30

Darrell Lea Rocklea Road Bunny 170g on special
Darrell Lea Rocklea Road Bunny
170g on special
$5.00
save
$1.50
170g $2.94 per 100G
Unit Price
Add
1
for $5.00

Cadbury Easter Bunny 150g on special
Cadbury Easter Bunny
150g on special
$5.00
save
$1.70
150g $3.33 per 100G
Unit Price
Add
1
for $5.00

Lindt Gold Bunny Dark 100g on special
Lindt Gold Bunny Dark
100g on special
$6.30
save
$1.70
100g $6.30 per 100G
Unit Price
Add
1
for $6.30"	['/wcsstore/Coles-CAS/images/3/4/1/3414360-th.jpg', '/wcsstore/Coles-CAS/images/3/4/1/3414360_B-th.jpg']
Cadbury	Clinkers Giant Easter Egg Tube	$ 12 .00	341g	$3.52 per 100G	"Nutrition Facts
Serving size: 1 serving = 25g
Qty
Quantity
per serving Qty
Quantity
per 100g / 100ml %
Percentage
daily intake*
Energy 561 KJ 2250 KJ 0
Energy Cal 0 0 0
Protein 1.8 G 7.4 G 0
Total Fat 7.6 G 30.6 G 0
Saturated Fat 4.5 G 18.2 G 0
Trans 0 0 0
Polyunsaturated 0 0 0
Mono Unsaturated 0 0 0
Carbohydrate 14.3 G 57.2 G 0
Sugars 13.9 G 55.6 G 0
Dietary Fibre Total 0 0 0
Sodium 20 MG 81 MG 0
*Percentage Daily Intake per serving. Percentage Daily Intakes are based on an average adult diet of 8700 kJ. Your daily intakes may be higher or lower depending on your energy needs.
Disclaimer:
Product details, including nutritional information and country of origin, may change from time to time and so the product you receive in your order may not reflect the information on this page. Please check the packaging on any product you purchase and if it's not what you expected, feel free to return it for a full refund.
Details
Country of Origin:
made in Australia
Ingredients:
DAIRY MILK MILK CHOCOLATE HOLLOW EGGS INGREDIENTS: FULL CREAM MILK, SUGAR, COCOA BUTTER, COCOA MASS, MILK SOLIDS, EMULSIFIERS (SOY LECITHIN, 476), FLAVOURS. MILK CHOCOLATE CONTAINS COCOA SOLIDS 28%, MILK SOLIDS MINIMUM 24%. CONTAINS MILK, SOY. MAY CONTAIN PEANUTS, TREE NUTS. CLINKERS BUNNIES PRODUCT CONTAINS MILK CHOCOLATE (95%), CLINKERS CANDY PIECES (5%). INGREDIENTS: FULL CREAM MILK, SUGAR, COCOA BUTTER, COCOA MASS, MILK SOLIDS, CLINKERS CANDY PIECES (SUGAR, GLUCOSE SYRUP, GELATINE, STARCH (FROM WHEAT, MAIZE, TAPIOCA), SPIRULINA, FLAVOUR, COLOURS (100, 120)), EMULSIFIERS (SOY LECITHIN, 476), FLAVOURS. MILK CHOCOLATE CONTAINS COCOA SOLIDS 27%, MILK SOLIDS MINIMUM 24%. CONTAINS MILK, WHEAT, GLUTEN, SOY. MAY CONTAIN PEANUTS, TREE NUTS.
Contains:
Dairy Milk Milk Chocolate with Clinker Pieces Bunnies: Milk and Soy. Milk Chocolate contains Cocoa Solids 28%, Milk Solids Minimum 24%. Clinker Bunnies: Milk Chocolate (95%), Clinkers Candy Pieces (5%). Milk Chocolate contains Cocoa Solids 27%, Milk Solids Minimum 24%. Milk, Wheat and Soy.
Allergen:
May Be Present Tree Nuts, May Be Present Peanuts, Contains Gluten, Contains Soy, Contains Wheat, Contains Milk
Servings Per Pack:
13.64
Storage Instructions:
PLEASE STORE IN COOL, DRY CONDITIONS.
Size:
341g
Code: 4724104P
4 7 2 4 1 0 4 P
Customers also purchased
Lindt Gourmet Egg Bag 106g on special
Lindt Gourmet Egg Bag
106g on special
$6.50
save
$2.00
106g $6.13 per 100G
Unit Price
Add
1
for $6.50

Cadbury 15-Pack Happy Easter Eggs Carton 250g
Cadbury 15-Pack Happy Easter Eggs Carton
250g
$10.00
250g $4.00 per 100G
Unit Price
Add
1
for $10.00

Nestle Milkybar Easter Egg Hunt 120g on special
Nestle Milkybar Easter Egg Hunt
120g on special
$5.50
save
$2.00
120g $4.58 per 100G
Unit Price
Add
1
for $5.50"	['/wcsstore/Coles-CAS/images/4/7/2/4724104-th.jpg', '/wcsstore/Coles-CAS/images/4/7/2/4724104_L-th.jpg', '/wcsstore/Coles-CAS/images/4/7/2/4724104_R-th.jpg', '/wcsstore/Coles-CAS/images/4/7/2/4724104_B-th.jpg']
Easter	Mini Milk Bunnies Or Chicks	$ 4 .00	100g	$4.00 per 100G	"Disclaimer:
Product details, including nutritional information and country of origin, may change from time to time and so the product you receive in your order may not reflect the information on this page. Please check the packaging on any product you purchase and if it's not what you expected, feel free to return it for a full refund.
Details
Country of Origin:
Made in Germany
Code: 4514382P
4 5 1 4 3 8 2 P
Customers also purchased
Easter Belgian Bunny Hollows 50g while stocks last product
Easter Belgian Bunny Hollows
50g while stocks last product
$2.80
50g $5.60 per 100G
Unit Price
Add
1
for $2.80

Cadbury Dairy Milk Easter Bunny 80g
Cadbury Dairy Milk Easter Bunny
80g
$5.00
80g $6.25 per 100G
Unit Price
Add
1
for $5.00

Cadbury Easter Bunny 150g on special
Cadbury Easter Bunny
150g on special
$5.00
save
$1.70
150g $3.33 per 100G
Unit Price
Add
1
for $5.00

Kit Kat Bunny 85g new product
Kit Kat Bunny
85g new product
$4.50
85g $5.29 per 100G
Unit Price
Add
1
for $4.50"	['/wcsstore/Coles-CAS/images/4/5/1/4514382-th.jpg', '/wcsstore/Coles-CAS/images/4/5/1/4514382_L-th.jpg', '/wcsstore/Coles-CAS/images/4/5/1/4514382_R-th.jpg', '/wcsstore/Coles-CAS/images/4/5/1/4514382_B-th.jpg']
Kinder	Surprise Chocolate Gift Pack Maxi Blue	$ 19 .00	150g	$12.67 per 100G	"Disclaimer:
Product details, including nutritional information and country of origin, may change from time to time and so the product you receive in your order may not reflect the information on this page. Please check the packaging on any product you purchase and if it's not what you expected, feel free to return it for a full refund.
Details
Country of Origin:
Made in Argentina
Code: 9241050P
9 2 4 1 0 5 0 P"	[]
Lindt	Bugs & Bees Pouch Bag	$ 6 .50	98g	$6.63 per 100G	"Nutrition Facts
Serving size: 1 serving = 20g
Qty
Quantity
per serving Qty
Quantity
per 100g / 100ml %
Percentage
daily intake*
Energy 460kJ 2300kJ
Not provided
Protein 1.4g 7.2g
Not provided
Total Fat 6.4g 32.0g
Not provided
Saturated Fat 3.2g 16.0g
Not provided
Carbohydrate 11.4g 57.0g
Not provided
Sugars 10.6g 53.0g
Not provided
Sodium 11mg 56mg
Not provided
*Percentage Daily Intake per serving. Percentage Daily Intakes are based on an average adult diet of 8700 kJ. Your daily intakes may be higher or lower depending on your energy needs.
Disclaimer:
Product details, including nutritional information and country of origin, may change from time to time and so the product you receive in your order may not reflect the information on this page. Please check the packaging on any product you purchase and if it's not what you expected, feel free to return it for a full refund.
Details
Country of Origin:
Bugs & bees manufactured in Germany Imported and packed in Australia
Ingredients:
Sugar, cocoa butter, hazelnuts (12%), whole milk powder, cocoa mass, lactose, skim milk powder, rice crisps (1%), milk fat, wheat germ, wheat starch, emulsifier (soy lecithin), barley malt extract, salt, flavouring.
Contains:
Milk Chocolate contains: cocoa solids 30% min., milk solids 18% min.
Allergen:
May Be Present Tree Nuts, May Be Present Peanuts
Servings Per Pack:
4.9
Storage Instructions:
Store in a cool and dry place.
Size:
98g
Warning:
Quality Guarantee The incomparable taste of this Lindt chocolate product is due to our using the highest quality ingredients and our traditional Swiss manufacturing know-how. This product left our factory in impeccable condition. Were it damaged on its way to you, please return it to us and we will replace it. Chocoladefabriken Lindt & Sprungli AG Kilchberg / Switzerland.
Code: 1635471P
1 6 3 5 4 7 1 P
Customers also purchased
Lindt Lindor Mini Eggs Bag Assorted 90g on special
Lindt Lindor Mini Eggs Bag Assorted
90g on special
$3.50
save
$2.00
90g $3.89 per 100G
Unit Price
Add
1
for $3.50

Lindt Lindor Mini Eggs Bag Solid Milk 90g on special
Lindt Lindor Mini Eggs Bag Solid Milk
90g on special
$3.50
save
$2.00
90g $3.89 per 100G
Unit Price
Add
1
for $3.50

Lindt Mini Gold Bunny Pouch 90g on special
Lindt Mini Gold Bunny Pouch
90g on special
$6.50
save
$2.00
90g $7.22 per 100G
Unit Price
Add
1
for $6.50

Lindt Milk Mini Eggs 390g on special
Lindt Milk Mini Eggs
390g on special
buy any 2 for $24.00
Any 2
$ 24
regular price
$24.00 ea
each
390g $6.15 per 100G
Unit Price
Pick any 2 for $24.00 ..."	['/wcsstore/Coles-CAS/images/1/6/3/1635471-th.jpg', '/wcsstore/Coles-CAS/images/1/6/3/1635471_B-th.jpg']
Cadbury	Easter Hunt Assortment Pack	$ 15 .00	500g	$3.00 per 100G	"Nutrition Facts
Serving size: 1 serving = 25g
Qty
Quantity
per serving Qty
Quantity
per 100g / 100ml %
Percentage
daily intake*
Energy 523 KJ 2090 KJ 0
Energy Cal 0 0 0
Protein 1.5 G 6 G 0
Total Fat 6.4 G 25.4 G 0
Saturated Fat 3.8 G 15.2 G 0
Trans 0 0 0
Polyunsaturated 0 0 0
Mono Unsaturated 0 0 0
Carbohydrate 15.2 G 61 G 0
Sugars 14.1 G 56.4 G 0
Dietary Fibre Total 0 0 0
Sodium 18 MG 74 MG 0
*Percentage Daily Intake per serving. Percentage Daily Intakes are based on an average adult diet of 8700 kJ. Your daily intakes may be higher or lower depending on your energy needs.
Disclaimer:
Product details, including nutritional information and country of origin, may change from time to time and so the product you receive in your order may not reflect the information on this page. Please check the packaging on any product you purchase and if it's not what you expected, feel free to return it for a full refund.
Details
Country of Origin:
Made in Australia
Ingredients:
DAIRY MILK MILK CHOCOLATE SOLID EGGS INGREDIENTS: FULL CREAM MILK, SUGAR, COCOA BUTTER, COCOA MASS, MILK SOLIDS, EMULSIFIERS (SOY LECITHIN, 476), FLAVOURS. MILK CHOCOLATE CONTAINS COCOA SOLIDS 28%, MILK SOLIDS MINIMUM 24%. CONTAINS MILK, SOY. MAY CONTAIN PEANUTS, TREE NUTS. CARAMILK EGGS INGREDIENTS: FULL CREAM MILK, SUGAR, COCOA BUTTER, MILK SOLIDS, EMULSIFIERS (SOY LECITHIN, 476), FLAVOUR. WHITE CHOCOLATE CONTAINS COCOA SOLIDS 23%, MILK SOLIDS 29%. CONTAINS MILK, SOY. MAY CONTAIN PEANUTS, TREE NUTS. CREME EGG MINI EGGS PRODUCT CONTAINS MILK CHOCOLATE (70%), FONDANT CENTRE (30%). INGREDIENTS: SUGAR, MILK SOLIDS, COCOA BUTTER, COCOA MASS, INVERT SUGAR, GLUCOSE SYRUP, EMULSIFIERS (SOY LECITHIN, 476), HUMECTANT (422), PRESERVATIVE (202), FOOD ACID (260), FLAVOURS, COLOUR (100). MILK CHOCOLATE CONTAINS COCOA SOLIDS 26%, MILK SOLIDS 23%. CONTAINS MILK, SOY. MAY CONTAIN PEANUTS, TREE NUTS. CARAMELLO EGGS PRODUCT CONTAINS MILK CHOCOLATE (70%), CARAMEL (30%). INGREDIENTS: FULL CREAM MILK, SUGAR, GLUCOSE SYRUP, COCOA BUTTER, COCOA MASS, MILK SOLIDS, SWEETENED CONDENSED MILK (MILK, SUGAR), VEGETABLE FAT, INVERT SUGAR, EMULSIFIERS (SOY LECITHIN, 476, 471), ACIDITY REGULATOR (331), FLAVOURS, SALT. MILK CHOCOLATE CONTAINS COCOA SOLIDS 28%, MILK SOLIDS MINIMUM 24%. CONTAINS MILK, SOY. MAY CONTAIN PEANUTS, TREE NUTS. DAIRY MILK MILK CHOCOLATE HOLLOW EGGS INGREDIENTS: FULL CREAM MILK, SUGAR, COCOA BUTTER, COCOA MASS, MILK SOLIDS, EMULSIFIERS (SOY LECITHIN, 476), FLAVOURS. MILK CHOCOLATE CONTAINS COCOA SOLIDS 28%, MILK SOLIDS MINIMUM 24%. CONTAINS MILK, SOY. MAY CONTAIN PEANUTS, TREE NUTS. DAIRY MILK MILK CHOCOLATE BUNNY INGREDIENTS: FULL CREAM MILK, SUGAR, COCOA BUTTER, COCOA MASS, MILK SOLIDS, EMULSIFIERS (SOY LECITHIN, 476), FLAVOURS. MILK CHOCOLATE CONTAINS COCOA SOLIDS 27%, MILK SOLIDS MINIMUM 24%. CONTAINS MILK, SOY. MAY CONTAIN WHEAT, GLUTEN, PEANUTS, TREE NUTS. MARSHMALLOW EGG PRODUCT CONTAINS MARSHMALLOW (65%), MILK CHOCOLATE (35%). INGREDIENTS: SUGAR, GLUCOSE SYRUP, INVER
Allergen:
May Be Present Tree Nuts, May Be Present Peanuts, May Be Present Wheat, May Be Present Gluten, Contains Soy, Contains Milk
Servings Per Pack:
20.0
Storage Instructions:
PLEASE STORE IN COOL, DRY CONDITIONS.
Size:
500g
Warning:
NOT ALL VARIETIES OF CADBURY CREME EGG HAVE THE SAME ALLERGENS
Code: 5766234P
5 7 6 6 2 3 4 P
Customers also purchased
Kinder Figure Easter 6 Pack 90g on special twenty percent off
Kinder Figure Easter 6 Pack
90g on special twenty percent off
$4.00
save
$1.00
90g $4.44 per 100G
Unit Price
Add
1
for $4.00

Cadbury Humpty Easter Eggs Carton 150g on special
Cadbury Humpty Easter Eggs Carton
150g on special
buy any 2 for $10.00
Any 2
$ 10
regular price
$7.00 ea
each
150g $4.67 per 100G
Unit Price
Pick any 2 for $10.00 ...

Nestle Milkybar Easter Egg Hunt 120g on special
Nestle Milkybar Easter Egg Hunt
120g on special
$5.50
save
$2.00
120g $4.58 per 100G
Unit Price
Add
1
for $5.50

Lifesavers Fruit Tingle Hunting Eggs 210g on special half price
Lifesavers Fruit Tingle Hunting Eggs
210g on special half price
regular price
$7.00 ea
each
save
$7.00
210g $3.33 per 100G
Unit Price
Add
1
for $7.00"	['/wcsstore/Coles-CAS/images/5/7/6/5766234-th.jpg', '/wcsstore/Coles-CAS/images/5/7/6/5766234_L-th.jpg', '/wcsstore/Coles-CAS/images/5/7/6/5766234_R-th.jpg', '/wcsstore/Coles-CAS/images/5/7/6/5766234_B-th.jpg']
Kinder	Figure Easter 6 Pack	$ 4 .00	90g	$4.44 per 100G	"Disclaimer:
Product details, including nutritional information and country of origin, may change from time to time and so the product you receive in your order may not reflect the information on this page. Please check the packaging on any product you purchase and if it's not what you expected, feel free to return it for a full refund.
Details
Country of Origin:
Made in Poland
Code: 3956283P
3 9 5 6 2 8 3 P
Customers also purchased
Lindt Gourmet Egg Bag 106g on special
Lindt Gourmet Egg Bag
106g on special
$6.50
save
$2.00
106g $6.13 per 100G
Unit Price
Add
1
for $6.50

Cadbury Humpty Easter Eggs Carton 150g on special
Cadbury Humpty Easter Eggs Carton
150g on special
buy any 2 for $10.00
Any 2
$ 10
regular price
$7.00 ea
each
150g $4.67 per 100G
Unit Price
Pick any 2 for $10.00 ...

Nestle Milkybar Easter Egg Hunt 120g on special
Nestle Milkybar Easter Egg Hunt
120g on special
$5.50
save
$2.00
120g $4.58 per 100G
Unit Price
Add
1
for $5.50"	[]
Lindt	Blossom Assorted	$ 17 .00	150g	$11.33 per 100G	"Nutrition Facts
Serving size: 1 serving = 22g
Qty
Quantity
per serving Qty
Quantity
per 100g / 100ml %
Percentage
daily intake*
Energy 574kJ 2610kJ
Not provided
Protein 1.1g 4.9g
Not provided
Total Fat 10.6g 48.0g
Not provided
Saturated Fat 7.9g 36.0g
Not provided
Carbohydrate 9.5g 43.0g
Not provided
Sugars 8.8g 40.0g
Not provided
Sodium 12mg 56mg
Not provided
*Percentage Daily Intake per serving. Percentage Daily Intakes are based on an average adult diet of 8700 kJ. Your daily intakes may be higher or lower depending on your energy needs.
Disclaimer:
Product details, including nutritional information and country of origin, may change from time to time and so the product you receive in your order may not reflect the information on this page. Please check the packaging on any product you purchase and if it's not what you expected, feel free to return it for a full refund.
Details
Country of Origin:
Manufactured in Germany
Ingredients:
Sugar, vegetable fats, cocoa butter, cocoa mass, whole milk powder, lactose, skim milk powder, milk fat, emulsifier (soy lecithin), barley malt extract, flavourings.
Contains:
Milk Chocolate contains: cocoa solids 30% min., milk solids 18% min. Dark Chocolate contains: cocoa solids 41% min. White Chocolate contains: cocoa solids 20% min.
Allergen:
May Be Present Tree Nuts
Servings Per Pack:
6.8
Storage Instructions:
Store in a cool dry place
Size:
150g
Code: 3946133P
3 9 4 6 1 3 3 P
Customers also purchased
Cadbury Dairy Milk Hollow Easter Egg 100g on special
Cadbury Dairy Milk Hollow Easter Egg
100g on special
buy any 2 for $6.00
Any 2
$ 6
regular price
$4.00 ea
each
100g $4.00 per 100G
Unit Price
Pick any 2 for $6.00 ...

Cadbury Dairy Milk Hollow Easter Egg 50g
Cadbury Dairy Milk Hollow Easter Egg
50g
$2.50
50g $5.00 per 100G
Unit Price
Add
1
for $2.50"	['/wcsstore/Coles-CAS/images/3/9/4/3946133-th.jpg', '/wcsstore/Coles-CAS/images/3/9/4/3946133_B-th.jpg']
Lindt	Carrot Pouch Bag	$ 11 .50	120g	$9.58 per 100G	"Disclaimer:
Product details, including nutritional information and country of origin, may change from time to time and so the product you receive in your order may not reflect the information on this page. Please check the packaging on any product you purchase and if it's not what you expected, feel free to return it for a full refund.
Details
Country of Origin:
carrots manufactured in Austria, packed in Australia
Code: 5750562P
5 7 5 0 5 6 2 P"	[]
Yoplait	Petit Miam Squeezie Strawberry Yoghurt Pouch	$ 1 .00	70g	$1.43 per 100G	"Nutrition Facts
Serving size: 1 serving = 70g
Qty
Quantity
per serving Qty
Quantity
per 100g / 100ml %
Percentage
daily intake*
Energy 212kJ 303kJ
Not provided
Energy Cal 50Cal 72Cal
Not provided
Protein 2.5g 3.5g
Not provided
Total Fat 1.6g 2.3g
Not provided
Saturated Fat 1.0g 1.4g
Not provided
Carbohydrate 6.5g 9.3g
Not provided
Sugars 5.3g 7.6g
Not provided
Sodium 32mg 46mg
Not provided
Calcium 145mg 207mg
Not provided
*Percentage Daily Intake per serving. Percentage Daily Intakes are based on an average adult diet of 8700 kJ. Your daily intakes may be higher or lower depending on your energy needs.
Disclaimer:
Product details, including nutritional information and country of origin, may change from time to time and so the product you receive in your order may not reflect the information on this page. Please check the packaging on any product you purchase and if it's not what you expected, feel free to return it for a full refund.
Details
Ingredients:
Milk (min. 70%) [Milk, Skim Milk], Milk Solids, Water, Strawberry (4%), Sugar, Thickener (1442), Apple Juice Concentrate, Mineral Calcium (341), Natural Flavours, Black Carrot & Blackcurrant Concentrate, Acidity Regulators (331, 296), Vitamin D, Yoghurt Cultures: S. Thermophilus, L. Bulgaricus & B. Lactis.
Contains:
Milk.
Allergen:
Contains Milk
Dietary:
Source of Calcium, No Preservatives
Servings Per Pack:
1.0
Storage Instructions:
Refrigerate below 4C.
Usage Instructions:
Single serve, consume once opened. Serve chilled.
Size:
70g
Warning:
Packaging contains small parts. Cap not suitable for children under the age of 3.
Code: 6569239P
6 5 6 9 2 3 9 P"	['/wcsstore/Coles-CAS/images/6/5/6/6569239-th.jpg', '/wcsstore/Coles-CAS/images/6/5/6/6569239_L-th.jpg', '/wcsstore/Coles-CAS/images/6/5/6/6569239_B-th.jpg']
Coles	Squeezie Strawberry Yoghurt Pouch	$ 0 .75	70g	$1.07 per 100G	"Nutrition Facts
Serving size: 1 serving = 70g
Qty
Quantity
per serving Qty
Quantity
per 100g / 100ml %
Percentage
daily intake*
Energy 246.68 352.40
Not provided
Energy Cal 59.01 84.31
Not provided
Protein 2.66 3.80
Not provided
Saturated Fat LESS THAN 1g 1.1 3
Carbohydrate 9.03 12.90
Not provided
Sugars 5.95 8.50
Not provided
Dietary Fibre Total 0.49 0.70
Not provided
Sodium 28.70 41.00
Not provided
Calcium 182.00 260.00
Not provided
*Percentage Daily Intake per serving. Percentage Daily Intakes are based on an average adult diet of 8700 kJ. Your daily intakes may be higher or lower depending on your energy needs.
Disclaimer:
Product details, including nutritional information and country of origin, may change from time to time and so the product you receive in your order may not reflect the information on this page. Please check the packaging on any product you purchase and if it's not what you expected, feel free to return it for a full refund.
Details
Ingredients:
INGREDIENTS: ;Reconstituted Skim ;Milk, Fruit Puree Blend (11%) [Seedless Strawberry Pulp ;(49%), Reconstituted Apple Juice, Sugar, Thickener (1442 from Tapioca), Natural Flavouring, Acidity Regulators (296, 331), Fruit and Vegetable Concentrate ;(Black Carrot, Blackcurrant)], Cream, Sugar, Milk Solids, Thickeners (1442, 1401), Mineral Salt (341), Stabilisers (406, 440), Live Cultures.
Allergen:
Contains MILK
Servings Per Pack:
1.0
Storage Instructions:
Keep refrigerated. Store at or below 5C
Code: 1013471P
1 0 1 3 4 7 1 P
Customers also purchased
Coles Chocolate Dairy Dessert 12 Pack 100g
Coles Chocolate Dairy Dessert 12 Pack
100g
$5.40
100g $5.40 per 100G
Unit Price
Add
1
for $5.40

Coles Squeezie Banana Yoghurt Pouch 70g
Coles Squeezie Banana Yoghurt Pouch
70g
$0.75
Until 11 Apr 2023
Was $0.85 Jan 2023
70g $1.07 per 100G
Unit Price
Add
1
for $0.75

Coles Squeezie Vanilla Yoghurt Pouch 70g
Coles Squeezie Vanilla Yoghurt Pouch
70g
$0.75
Until 11 Apr 2023
Was $0.85 Jan 2023
70g $1.07 per 100G
Unit Price
Add
1
for $0.75

Coles Squeezie Blueberry Yoghurt Pouch 70g
Coles Squeezie Blueberry Yoghurt Pouch
70g
$0.75
Until 11 Apr 2023
Was $0.85 Jan 2023
70g $1.07 per 100G
Unit Price
Add
1
for $0.75"	['/wcsstore/Coles-CAS/images/1/0/1/1013471-th.jpg', '/wcsstore/Coles-CAS/images/1/0/1/1013471_L-th.jpg', '/wcsstore/Coles-CAS/images/1/0/1/1013471_B-th.jpg']
Coles	Squeezie Vanilla Yoghurt Pouch	$ 0 .75	70g	$1.07 per 100G	"Nutrition Facts
Serving size: 1 serving = 70g
Qty
Quantity
per serving Qty
Quantity
per 100g / 100ml %
Percentage
daily intake*
Energy 225.54 322.20
Not provided
Energy Cal 53.96 77.08
Not provided
Protein 2.87 4.10
Not provided
Saturated Fat LESS THAN 1g 1.1 3
Carbohydrate 7.98 11.40
Not provided
Sugars 5.32 7.60
Not provided
Dietary Fibre Total 0.28 0.40
Not provided
Sodium 20.30 29.00
Not provided
Calcium 187.60 268.00
Not provided
*Percentage Daily Intake per serving. Percentage Daily Intakes are based on an average adult diet of 8700 kJ. Your daily intakes may be higher or lower depending on your energy needs.
Disclaimer:
Product details, including nutritional information and country of origin, may change from time to time and so the product you receive in your order may not reflect the information on this page. Please check the packaging on any product you purchase and if it's not what you expected, feel free to return it for a full refund.
Details
Ingredients:
INGREDIENTS: ;Reconstituted Skim ;Milk, Natural Vanilla Flavouring (7%) [Water, Sugar, Rice Starch, Natural Flavouring, Lemon Juice Concentrate, Milk Minerals)], Cream, Sugar, Milk Solids, Thickeners (1442, 1401), Mineral Salt (341), Stabilisers (406, 440), Live Cultures.
Allergen:
Contains MILK
Servings Per Pack:
1.0
Storage Instructions:
Keep refrigerated. Store at or below 5C
Code: 1013675P
1 0 1 3 6 7 5 P"	['/wcsstore/Coles-CAS/images/1/0/1/1013675-th.jpg', '/wcsstore/Coles-CAS/images/1/0/1/1013675_B-th.jpg']
Tamar Valley	Kids Greek Strawberry Yoghurt Pouch	$ 1 .70	110g	$1.55 per 100G	"Nutrition Facts
Serving size: 1 serving = 110g
Qty
Quantity
per serving Qty
Quantity
per 100g / 100ml %
Percentage
daily intake*
Energy 428kJ 389kJ
Not provided
Energy Cal 102Cal 93Cal
Not provided
Protein 4.0g 3.6g
Not provided
Total Fat 7.6g 6.9g
Not provided
Saturated Fat 5.1g 4.6g
Not provided
Carbohydrate 4.5g 4.1g
Not provided
Sugars 3.5g 3.2g
Not provided
Sodium 35mg 32mg
Not provided
Gluten Nil Nil
Not provided
Calcium
Not provided
143mg
Not provided
*Percentage Daily Intake per serving. Percentage Daily Intakes are based on an average adult diet of 8700 kJ. Your daily intakes may be higher or lower depending on your energy needs.
Disclaimer:
Product details, including nutritional information and country of origin, may change from time to time and so the product you receive in your order may not reflect the information on this page. Please check the packaging on any product you purchase and if it's not what you expected, feel free to return it for a full refund.
Details
Ingredients:
Whole Milk, Cream, Milk Solids, Water, Strawberry Pulp (4.2%), Rice Starch, Natural Flavours, Lemon Pulp, Live Yoghurt Culture.
Contains:
Yoghurt cultures, Cream, Milk, 88% Dairy.
Allergen:
Contains Cream, Contains Milk
Dietary:
Source of Calcium, No Added Sugars
Servings Per Pack:
1.0
Storage Instructions:
Keep refrigerated between 1C and 4C.
Suitable for:
Children 6 months & older (Contains 28% Calcium RDI per serve for infants 6-12 months)
Usage Instructions:
Shake before opening. Ready to consume.
Size:
110g
Warning:
Cap is not a toy and may present a choking hazard. Always supervise your child while eating. Discard uneaten portion once opened.
Code: 2744359P
2 7 4 4 3 5 9 P"	['/wcsstore/Coles-CAS/images/2/7/4/2744359-th.jpg', '/wcsstore/Coles-CAS/images/2/7/4/2744359_B-th.jpg']
Yoplait	Petit Miam Blueberry Yoghurt Squeezie Pouch	$ 1 .00	70g	$1.43 per 100G	"Nutrition Facts
Serving size: 1 serving = 70g
Qty
Quantity
per serving Qty
Quantity
per 100g / 100ml %
Percentage
daily intake*
Energy 215kJ 307kJ
Not provided
Energy Cal 51Cal 73Cal
Not provided
Protein 2.4g 3.4g
Not provided
Total Fat 1.6g 2.3g
Not provided
Saturated Fat 1.1g 1.5g
Not provided
Carbohydrate 6.7g 9.6g
Not provided
Sugars 5.4g 7.7g
Not provided
Sodium 34mg 48mg
Not provided
Calcium 145mg 207mg
Not provided
*Percentage Daily Intake per serving. Percentage Daily Intakes are based on an average adult diet of 8700 kJ. Your daily intakes may be higher or lower depending on your energy needs.
Disclaimer:
Product details, including nutritional information and country of origin, may change from time to time and so the product you receive in your order may not reflect the information on this page. Please check the packaging on any product you purchase and if it's not what you expected, feel free to return it for a full refund.
Details
Ingredients:
Milk (min. 70%) [Milk, Skim Milk], Milk Solids, Water, Sugar, Blueberry (3%), Apple Juice Concentrate, Thickener (1442), Mineral Calcium (341), Natural Flavours, Acidity Regulators (331, 296), Vitamin D, Yoghurt Cultures: S. Thermophilus, L. Bulgaricus & B. Lactis.
Contains:
Milk.
Allergen:
Contains Milk
Dietary:
Source of Calcium, No Preservatives
Servings Per Pack:
1.0
Storage Instructions:
Refrigerate below 4C.
Usage Instructions:
Single serve, consume once opened. Serve chilled.
Size:
70g
Warning:
Packaging contains small parts. Cap not suitable for children under the age of 3.
Code: 8126057P
8 1 2 6 0 5 7 P"	['/wcsstore/Coles-CAS/images/8/1/2/8126057-th.jpg', '/wcsstore/Coles-CAS/images/8/1/2/8126057_B-th.jpg']
Tamar Valley	Kids Greek Blueberry Yoghurt Pouch	$ 1 .70	110g	$1.55 per 100G	"Nutrition Facts
Qty
Quantity
per serving Qty
Quantity
per 100g / 100ml %
Percentage
daily intake*
Energy 429kJ
Not provided
Not provided
Energy Cal 103cal 93Cal
Not provided
Protein 3.9g 3.5g
Not provided
Total Fat 7.5g 6.8g
Not provided
Saturated Fat 5.0g 4.5g
Not provided
Carbohydrate 5.1g 4.6g
Not provided
Sugars 3.6g 3.3g
Not provided
Sodium 35mg 32mg
Not provided
Gluten
Not provided
Nil
Not provided
Calcium
Not provided
143mg
Not provided
*Percentage Daily Intake per serving. Percentage Daily Intakes are based on an average adult diet of 8700 kJ. Your daily intakes may be higher or lower depending on your energy needs.
Disclaimer:
Product details, including nutritional information and country of origin, may change from time to time and so the product you receive in your order may not reflect the information on this page. Please check the packaging on any product you purchase and if it's not what you expected, feel free to return it for a full refund.
Details
Allergen:
Contains Cream, Contains Milk
Dietary:
Source of Calcium, No Added Sugars
Servings Per Pack:
1.0
Storage Instructions:
Keep refrigerated between 1C and 4C.
Suitable for:
Children 6 months & older. (Contains 26% Calcium RDI per serve for infants 6-12 months.)
Usage Instructions:
Shake before opening. Ready to consume.
Size:
110g
Code: 3089157P
3 0 8 9 1 5 7 P"	['/wcsstore/Coles-CAS/images/3/0/8/3089157-th.jpg', '/wcsstore/Coles-CAS/images/3/0/8/3089157_B-th.jpg']
Yoplait	Petit Miam Vanilla Yoghurt Pouch	$ 1 .00	70g	$1.43 per 100G	"Nutrition Facts
Serving size: 1 serving = 70g
Qty
Quantity
per serving Qty
Quantity
per 100g / 100ml %
Percentage
daily intake*
Energy 214kJ 305kJ
Not provided
Energy Cal 51Cal 73Cal
Not provided
Protein 2.4g 3.4g
Not provided
Total Fat 1.6g 2.3g
Not provided
Saturated Fat 1.1g 1.5g
Not provided
Carbohydrate 6.7g 9.5g
Not provided
Sugars 5.3g 7.6g
Not provided
Sodium 31mg 44mg
Not provided
Calcium 145mg 207mg
Not provided
*Percentage Daily Intake per serving. Percentage Daily Intakes are based on an average adult diet of 8700 kJ. Your daily intakes may be higher or lower depending on your energy needs.
Disclaimer:
Product details, including nutritional information and country of origin, may change from time to time and so the product you receive in your order may not reflect the information on this page. Please check the packaging on any product you purchase and if it's not what you expected, feel free to return it for a full refund.
Details
Ingredients:
Milk (min. 70%) [Milk, Skim Milk], Water, Milk Solids, Sugar, Thickener (1442), Mineral Calcium (341), Natural Flavours, Acidity Regulators (330, 331), Vitamin D, Yoghurt Cultures: S. Thermophilus, L. Bulgaricus & B. Lactis.
Contains:
Milk.
Allergen:
Contains Milk
Dietary:
Source of Calcium, No Preservatives
Servings Per Pack:
1.0
Storage Instructions:
Refrigerate below 4C.
Usage Instructions:
Single serve, consume once opened. Serve chilled.
Size:
70g
Warning:
Packaging contains small parts. Cap not suitable for children under the age of 3.
Code: 2744734P
2 7 4 4 7 3 4 P
Customers also purchased
Yoplait Petit Miam Blueberry Yoghurt Squeezie Pouch 70g
Yoplait Petit Miam Blueberry Yoghurt Squeezie Pouch
70g
$1.00
70g $1.43 per 100G
Unit Price
Add
1
for $1.00

Yoplait Petit Miam Squeezie Fruit Salad Yoghurt Pouch 70g
Yoplait Petit Miam Squeezie Fruit Salad Yoghurt Pouch
70g
$1.00
70g $1.43 per 100G
Unit Price
Add
1
for $1.00

Yoplait Petit Miam Mango Yoghurt Pouch 70g
Yoplait Petit Miam Mango Yoghurt Pouch
70g
$1.00
70g $1.43 per 100G
Unit Price
Add
1
for $1.00

Yoplait Petit Miam Yoghurt Vanilla Apple 70g
Yoplait Petit Miam Yoghurt Vanilla Apple
70g
$1.00
70g $1.43 per 100G
Unit Price
Add
1
for $1.00"	['/wcsstore/Coles-CAS/images/2/7/4/2744734-th.jpg', '/wcsstore/Coles-CAS/images/2/7/4/2744734_B-th.jpg']
Coles	Squeezie Banana Yoghurt Pouch	$ 0 .75	70g	$1.07 per 100G	"Nutrition Facts
Serving size: 1 serving = Approximately 70g
Qty
Quantity
per serving Qty
Quantity
per 100g / 100ml %
Percentage
daily intake*
Energy 216.02 308.60
Not provided
Energy Cal 51.68 73.83
Not provided
Protein 2.94 4.20
Not provided
Saturated Fat LESS THAN 1g 1.4 4
Carbohydrate 7.35 10.50
Not provided
Sugars 5.46 7.80
Not provided
Dietary Fibre Total 0.28 0.40
Not provided
Sodium 21.00 30.00
Not provided
Calcium 179.20 256.00
Not provided
*Percentage Daily Intake per serving. Percentage Daily Intakes are based on an average adult diet of 8700 kJ. Your daily intakes may be higher or lower depending on your energy needs.
Disclaimer:
Product details, including nutritional information and country of origin, may change from time to time and so the product you receive in your order may not reflect the information on this page. Please check the packaging on any product you purchase and if it's not what you expected, feel free to return it for a full refund.
Details
Ingredients:
INGREDIENTS: Reconsitituted Skim Milk, Fruit Puree Blend (8%) [Banana Puree (50%), Water, Sugar, Rice Starch, Lemon Juice Concentrate, Natural Flavouring, Natural Colour (Carotene), Milk Minerals], Cream, Sugar, Milk Solids, Thickeners (1442, 1401), Mineral Salt (341), Stabilisers (406, 440), Live Cultures.
Allergen:
Contains MILK
Servings Per Pack:
1.0
Storage Instructions:
Keep refrigerated. Store at or below 5C
Code: 1013493P
1 0 1 3 4 9 3 P
Customers also purchased
Pauls Milky Max Chocolate Custard 70g
Pauls Milky Max Chocolate Custard
70g
$1.90
70g $2.71 per 100G
Unit Price
Add
1
for $1.90

Coles Squeezie Vanilla Yoghurt Pouch 70g
Coles Squeezie Vanilla Yoghurt Pouch
70g
$0.75
Until 11 Apr 2023
Was $0.85 Jan 2023
70g $1.07 per 100G
Unit Price
Add
1
for $0.75

Coles Squeezie Strawberry Yoghurt Pouch 70g
Coles Squeezie Strawberry Yoghurt Pouch
70g
$0.75
Until 11 Apr 2023
Was $0.85 Jan 2023
70g $1.07 per 100G
Unit Price
Add
1
for $0.75

Coles Squeezie Blueberry Yoghurt Pouch 70g
Coles Squeezie Blueberry Yoghurt Pouch
70g
$0.75
Until 11 Apr 2023
Was $0.85 Jan 2023
70g $1.07 per 100G
Unit Price
Add
1
for $0.75"	['/wcsstore/Coles-CAS/images/1/0/1/1013493-th.jpg', '/wcsstore/Coles-CAS/images/1/0/1/1013493_B-th.jpg']
Coles	Squeezie Blueberry Yoghurt Pouch	$ 0 .75	70g	$1.07 per 100G	"Nutrition Facts
Serving size: 1 serving = 70g
Qty
Quantity
per serving Qty
Quantity
per 100g / 100ml %
Percentage
daily intake*
Energy 202.51 289.3
Not provided
Energy Cal 48.45 69.21
Not provided
Protein 2.59 3.7
Not provided
Saturated Fat LESS THAN 1g LESS THAN 1g 3
Carbohydrate 7.21 10.3
Not provided
Sugars 5.18 7.4
Not provided
Dietary Fibre Total 0.28 0.4
Not provided
Sodium 21 30
Not provided
Calcium 186.2 266
Not provided
*Percentage Daily Intake per serving. Percentage Daily Intakes are based on an average adult diet of 8700 kJ. Your daily intakes may be higher or lower depending on your energy needs.
Disclaimer:
Product details, including nutritional information and country of origin, may change from time to time and so the product you receive in your order may not reflect the information on this page. Please check the packaging on any product you purchase and if it's not what you expected, feel free to return it for a full refund.
Details
Ingredients:
INGREDIENTS: ;Reconstituted Skim ;Milk, Fruit Puree Blend (9%) [Water, Seedless Blueberry Puree ;(22%), Sugar, Rice Starch, Natural Flavouring, Acidity Regulators (331, 330)], Cream, Sugar, Milk Solids, Thickeners (1442, 1401), Mineral Salt (341), Stabilisers (406, 440), Live Cultures.
Allergen:
Contains MILK
Servings Per Pack:
1.0
Storage Instructions:
Keep refrigerated. Store at or below 5C
Code: 3049742P
3 0 4 9 7 4 2 P
Customers also purchased
Coles Chocolate Dairy Dessert 12 Pack 100g
Coles Chocolate Dairy Dessert 12 Pack
100g
$5.40
100g $5.40 per 100G
Unit Price
Add
1
for $5.40

Coles Squeezie Banana Yoghurt Pouch 70g
Coles Squeezie Banana Yoghurt Pouch
70g
$0.75
Until 11 Apr 2023
Was $0.85 Jan 2023
70g $1.07 per 100G
Unit Price
Add
1
for $0.75

Coles Squeezie Vanilla Yoghurt Pouch 70g
Coles Squeezie Vanilla Yoghurt Pouch
70g
$0.75
Until 11 Apr 2023
Was $0.85 Jan 2023
70g $1.07 per 100G
Unit Price
Add
1
for $0.75

Coles Squeezie Strawberry Yoghurt Pouch 70g
Coles Squeezie Strawberry Yoghurt Pouch
70g
$0.75
Until 11 Apr 2023
Was $0.85 Jan 2023
70g $1.07 per 100G
Unit Price
Add
1
for $0.75"	['/wcsstore/Coles-CAS/images/3/0/4/3049742-th.jpg', '/wcsstore/Coles-CAS/images/3/0/4/3049742_B-th.jpg']
Tamar Valley	Kids Greek Vanilla Yoghurt Pouch	$ 1 .70	110g	$1.55 per 100G	"Nutrition Facts
Serving size: 1 serving = 110g
Qty
Quantity
per serving Qty
Quantity
per 100g / 100ml %
Percentage
daily intake*
Energy 428kJ 389kJ
Not provided
Energy Cal 102Cal 93Cal
Not provided
Protein 4.0g 3.6g
Not provided
Total Fat 7.6g 6.9g
Not provided
Saturated Fat 5.1g 4.6g
Not provided
Carbohydrate 4.6g 4.2g
Not provided
Sugars 3.1g 2.8g
Not provided
Sodium 35mg 32mg
Not provided
Gluten Nil Nil
Not provided
Calcium
Not provided
141mg
Not provided
*Percentage Daily Intake per serving. Percentage Daily Intakes are based on an average adult diet of 8700 kJ. Your daily intakes may be higher or lower depending on your energy needs.
Disclaimer:
Product details, including nutritional information and country of origin, may change from time to time and so the product you receive in your order may not reflect the information on this page. Please check the packaging on any product you purchase and if it's not what you expected, feel free to return it for a full refund.
Details
Ingredients:
Whole Milk, Cream, Milk Solids, Water, Rice Starch, Natural Flavours, Lemon Pulp, Live Yoghurt Cultures.
Contains:
Yoghurt Cultures, Cream, Milk, 88% Dairy.
Allergen:
Contains Cream, Contains Milk
Dietary:
Source of Calcium, No Added Sugars
Servings Per Pack:
1.0
Storage Instructions:
Keep refrigerated between 1C and 4C.
Suitable for:
Children 6 months & older (Contains 28% Calcium RDI per serve for infants 6-12 months)
Usage Instructions:
Shake before opening. Ready to consume.
Size:
110g
Warning:
Cap is not a toy and may present a choking hazard. Always supervise your child while eating. Discard uneaten portion once opened.
Code: 2744348P
2 7 4 4 3 4 8 P
Customers also purchased
Tamar Valley Kids Natural Greek Tropical Yoghurt Pouch 110g
Tamar Valley Kids Natural Greek Tropical Yoghurt Pouch
110g
$1.70
Was $2.20 Jan 2023
110g $1.55 per 100G
Unit Price
Add
1
for $1.70

Tamar Valley Kids Greek Blueberry Yoghurt Pouch 110g
Tamar Valley Kids Greek Blueberry Yoghurt Pouch
110g
$1.70
Was $2.20 Jan 2023
110g $1.55 per 100G
Unit Price
Add
1
for $1.70

Tamar Valley Kids Greek Natural Raspberry Yoghurt Pouch 110g
Tamar Valley Kids Greek Natural Raspberry Yoghurt Pouch
110g
$1.70
Was $2.20 Jan 2023
110g $1.55 per 100G
Unit Price
Add
1
for $1.70

Tamar Valley Kids Greek Pouch Yoghurt 110g
Tamar Valley Kids Greek Pouch Yoghurt
110g
$1.70
Was $2.20 Jan 2023
110g $1.55 per 100G
Unit Price
Add
1
for $1.70"	['/wcsstore/Coles-CAS/images/2/7/4/2744348-th.jpg', '/wcsstore/Coles-CAS/images/2/7/4/2744348_B-th.jpg']
Farmers Union	Greek Style Strawberry Yoghurt Pouch	$ 2 .00	130g	$1.54 per 100G	"Nutrition Facts
Serving size: 1 serving = 130g
Qty
Quantity
per serving Qty
Quantity
per 100g / 100ml %
Percentage
daily intake*
Energy 489kJ 376kJ
Not provided
Energy Cal 117Cal 90Cal
Not provided
Protein 6.5g 5.0g
Not provided
Total Fat 3.8g 2.9g
Not provided
Saturated Fat 2.5g 1.9g
Not provided
Carbohydrate 13.9g 10.7g
Not provided
Sugars 13.3g 10.2g
Not provided
Dietary Fibre Total 0g 0g
Not provided
Sodium 65mg 50mg
Not provided
Gluten 0mg 0mg
Not provided
Calcium 233mg 179mg 29% RDI*
*Percentage Daily Intake per serving. Percentage Daily Intakes are based on an average adult diet of 8700 kJ. Your daily intakes may be higher or lower depending on your energy needs.
Disclaimer:
Product details, including nutritional information and country of origin, may change from time to time and so the product you receive in your order may not reflect the information on this page. Please check the packaging on any product you purchase and if it's not what you expected, feel free to return it for a full refund.
Details
Ingredients:
Milk, Milk Solids, Strawberry (5%), (Puree, Reconstituted Juice), Water, Sugar, Cream (Milk), Thickener (Modified Starch), Natural Flavour, Natural Colour (Carrot Concentrate), Milk Minerals, Probiotic Cultures (Milk): B. lactis (BB-12), Yoghurt Cultures (Milk): S. Thermophilus, L. Bulgaricus
Contains:
Milk and Cream.
Allergen:
Contains Milk, May Be Present Dairy
Servings Per Pack:
1.0
Storage Instructions:
Keep refrigerated below 4C.
Usage Instructions:
Enjoy on its own as a snack or squeeze onto fruit.
Size:
130g
Code: 3251415P
3 2 5 1 4 1 5 P
Customers also purchased
Farmers Union Greek Style Vanilla Bean Yoghurt 130g
Farmers Union Greek Style Vanilla Bean Yoghurt
130g
$2.00
130g $1.54 per 100G
Unit Price
Add
1
for $2.00

Farmers Union Greek Style Mango Yoghurt Pouch 130g
Farmers Union Greek Style Mango Yoghurt Pouch
130g
$2.00
130g $1.54 per 100G
Unit Price
Add
1
for $2.00

Farmers Union Greek Style Passionfruit Yoghurt Pouch 130g
Farmers Union Greek Style Passionfruit Yoghurt Pouch
130g
$2.00
130g $1.54 per 100G
Unit Price
Add
1
for $2.00

Farmers Union Yoghurt Peach 130g 130g
Farmers Union Yoghurt Peach 130g
130g
$2.00
130g $1.54 per 100G
Unit Price
Add
1
for $2.00"	['/wcsstore/Coles-CAS/images/3/2/5/3251415-th.jpg', '/wcsstore/Coles-CAS/images/3/2/5/3251415_B-th.jpg']
Yoplait	Petit Miam Squeezie Banana Yoghurt Pouch	$ 1 .00	70g	$1.43 per 100G	"Nutrition Facts
Serving size: 1 serving = 70g
Qty
Quantity
per serving Qty
Quantity
per 100g / 100ml %
Percentage
daily intake*
Energy 211kJ 301kJ
Not provided
Energy Cal 50Cal 72Cal
Not provided
Protein 2.4g 3.4g
Not provided
Total Fat 1.6g 2.3g
Not provided
Saturated Fat 1.1g 1.5g
Not provided
Carbohydrate 6.4g 9.2g
Not provided
Sugars 5.2g 7.4g
Not provided
Sodium 30mg 43mg
Not provided
Vitamin D 0.5g 0.7g 5%
Calcium 145mg 207mg
Not provided
*Percentage Daily Intake per serving. Percentage Daily Intakes are based on an average adult diet of 8700 kJ. Your daily intakes may be higher or lower depending on your energy needs.
Disclaimer:
Product details, including nutritional information and country of origin, may change from time to time and so the product you receive in your order may not reflect the information on this page. Please check the packaging on any product you purchase and if it's not what you expected, feel free to return it for a full refund.
Details
Ingredients:
Milk (min. 70%) [Milk, Skim Milk], Water, Milk Solids, Banana (5%), Sugar, Thickener (1442), Mineral Calcium (341), Natural Flavours, Acidity Regulators (330, 331), Natural Colour (160b), Vitamin D, Yoghurt Cultures: S. Thermophilus, L. Bulgaricus & B. Lactis.
Contains:
Milk.
Allergen:
Contains Milk
Dietary:
Source of Calcium, No Preservatives
Servings Per Pack:
1.0
Storage Instructions:
Do not re-freeze. Keep refrigerated below 4C. Eat within best before date, even if frozen. Consume within 7 days of opening., Refrigerate below 4C., Refrigerate below 4C.
Usage Instructions:
Single serve, consume once opened. Serve chilled.
Size:
70g
Warning:
Packaging contains small parts. Cap not suitable for children under the age of 3.
Code: 6569240P
6 5 6 9 2 4 0 P
Customers also purchased
Yoplait Petit Miam Blueberry Yoghurt Squeezie Pouch 70g
Yoplait Petit Miam Blueberry Yoghurt Squeezie Pouch
70g
$1.00
70g $1.43 per 100G
Unit Price
Add
1
for $1.00

Yoplait Petit Miam Squeezie Fruit Salad Yoghurt Pouch 70g
Yoplait Petit Miam Squeezie Fruit Salad Yoghurt Pouch
70g
$1.00
70g $1.43 per 100G
Unit Price
Add
1
for $1.00

Yoplait Petit Miam Squeezie Strawberry Yoghurt Pouch 70g
Yoplait Petit Miam Squeezie Strawberry Yoghurt Pouch
70g
$1.00
70g $1.43 per 100G
Unit Price
Add
1
for $1.00

Yoplait Petit Miam Yoghurt Vanilla Apple 70g
Yoplait Petit Miam Yoghurt Vanilla Apple
70g
$1.00
70g $1.43 per 100G
Unit Price
Add
1
for $1.00"	['/wcsstore/Coles-CAS/images/6/5/6/6569240-th.jpg', '/wcsstore/Coles-CAS/images/6/5/6/6569240_B-th.jpg']
Farmers Union	Greek Style Mango Yoghurt Pouch	$ 2 .00	130g	$1.54 per 100G	"Nutrition Facts
Serving size: 1 serving = 130g
Qty
Quantity
per serving Qty
Quantity
per 100g / 100ml %
Percentage
daily intake*
Energy 473kJ 364kJ
Not provided
Energy Cal 113Cal 87Cal
Not provided
Protein 6.4g 4.9g
Not provided
Total Fat 3.8g 2.9g
Not provided
Saturated Fat 2.5g 1.9g
Not provided
Carbohydrate 13.0g 10.0g
Not provided
Sugars 12.6g 9.7g
Not provided
Dietary Fibre Total 0.1g 0.1g
Not provided
Sodium 65mg 50mg
Not provided
Gluten 0mg 0mg
Not provided
Calcium 226mg 174mg 28% RDI*
*Percentage Daily Intake per serving. Percentage Daily Intakes are based on an average adult diet of 8700 kJ. Your daily intakes may be higher or lower depending on your energy needs.
Disclaimer:
Product details, including nutritional information and country of origin, may change from time to time and so the product you receive in your order may not reflect the information on this page. Please check the packaging on any product you purchase and if it's not what you expected, feel free to return it for a full refund.
Details
Ingredients:
Milk, Milk Solids, Water, Mango (5%), Sugar, Cream (Milk), Thickener (Modified Starch), Natural Flavour, Natural Colour (Caroten), Milk Minerals, Probiotic Cultures (Milk): B. lactis (BB-12), Yoghurt Cultures (Milk): S. Thermophilus, L. Bulgaricus
Contains:
Milk and Cream.
Allergen:
Contains Milk, May Be Present Dairy
Servings Per Pack:
1.0
Storage Instructions:
Keep refrigerated below 4C.
Usage Instructions:
Enjoy on its own as a snack or squeeze onto fruit.
Size:
130g
Code: 3305810P
3 3 0 5 8 1 0 P"	['/wcsstore/Coles-CAS/images/3/3/0/3305810-th.jpg', '/wcsstore/Coles-CAS/images/3/3/0/3305810_B-th.jpg']
Yoplait	Petit Miam Mango Yoghurt Pouch	$ 1 .00	70g	$1.43 per 100G	"Nutrition Facts
Serving size: 1 serving = 70
Qty
Quantity
per serving Qty
Quantity
per 100g / 100ml %
Percentage
daily intake*
Energy 211 302
Not provided
Energy Cal 50 72
Not provided
Protein 2.4 3.4
Not provided
Total Fat 1.6 2.3
Not provided
Saturated Fat 1 1.4
Not provided
Carbohydrate 6.4 9.2
Not provided
Sugars 5.3 7.5
Not provided
Sodium 30 43
Not provided
Gluten 0 0
Not provided
Calcium 145 207 18.0%
*Percentage Daily Intake per serving. Percentage Daily Intakes are based on an average adult diet of 8700 kJ. Your daily intakes may be higher or lower depending on your energy needs.
Disclaimer:
Product details, including nutritional information and country of origin, may change from time to time and so the product you receive in your order may not reflect the information on this page. Please check the packaging on any product you purchase and if it's not what you expected, feel free to return it for a full refund.
Details
Ingredients:
MILK (MIN.70%) [MILK, SKIM MILK], WATER, MILK SOLIDS, MANGO (5%), SUGAR, THICKENER (1442), MINERAL CALCIUM (341), NATURAL FLAVOUR, NATURAL COLOUR (160a), MILK MINERALS, YOGHURT CULTURES:S. THERMOPHILUS, L. BULGARICUS & B.LACTIS. CONTAINS MILK.
Servings Per Pack:
1.0
Size:
70g
Code: 3536368P
3 5 3 6 3 6 8 P"	[]
Farmers Union	Greek Style Vanilla Bean Yoghurt	$ 2 .00	130g	$1.54 per 100G	"Nutrition Facts
Serving size: 1 serving = 130g
Qty
Quantity
per serving Qty
Quantity
per 100g / 100ml %
Percentage
daily intake*
Energy 521kJ 401kJ
Not provided
Energy Cal 124Cal 95Cal
Not provided
Protein 6.4g 4.9g
Not provided
Total Fat 3.8g 2.9g
Not provided
Saturated Fat 2.5g 1.9g
Not provided
Carbohydrate 16.0g 12.3g
Not provided
Sugars 15.3g 11.8g
Not provided
Dietary Fibre Total 0g 0g
Not provided
Sodium 65mg 50mg
Not provided
Gluten 0mg 0mg
Not provided
Calcium 226mg 174mg 28% RDI*
*Percentage Daily Intake per serving. Percentage Daily Intakes are based on an average adult diet of 8700 kJ. Your daily intakes may be higher or lower depending on your energy needs.
Disclaimer:
Product details, including nutritional information and country of origin, may change from time to time and so the product you receive in your order may not reflect the information on this page. Please check the packaging on any product you purchase and if it's not what you expected, feel free to return it for a full refund.
Details
Ingredients:
Milk, Milk Solids, Water, Sugar, Cream (Milk), Thickener (Modified Starch), Natural Flavour, Acidity Regulators (Citric Acid, Sodium Citrate), Probiotic Cultures (Milk): B. lactis (BB-12), Yoghurt Cultures (Milk): S. Thermophilus, L. Bulgaricus, Vanilla Bean (0.01%), Natural Colour (Carotene)
Contains:
Milk and Cream.
Allergen:
Contains Milk, May Be Present Dairy
Servings Per Pack:
1.0
Storage Instructions:
Keep refrigerated below 4C.
Usage Instructions:
Enjoy on its own as a snack or squeeze onto fruit.
Size:
130g
Code: 3087060P
3 0 8 7 0 6 0 P
Customers also purchased
Farmers Union Greek Style Mango Yoghurt Pouch 130g
Farmers Union Greek Style Mango Yoghurt Pouch
130g
$2.00
130g $1.54 per 100G
Unit Price
Add
1
for $2.00

Farmers Union Greek Style Strawberry Yoghurt Pouch 130g
Farmers Union Greek Style Strawberry Yoghurt Pouch
130g
$2.00
130g $1.54 per 100G
Unit Price
Add
1
for $2.00

Farmers Union Greek Style Passionfruit Yoghurt Pouch 130g
Farmers Union Greek Style Passionfruit Yoghurt Pouch
130g
$2.00
130g $1.54 per 100G
Unit Price
Add
1
for $2.00

Farmers Union Yoghurt Peach 130g 130g
Farmers Union Yoghurt Peach 130g
130g
$2.00
130g $1.54 per 100G
Unit Price
Add
1
for $2.00"	['/wcsstore/Coles-CAS/images/3/0/8/3087060-th.jpg', '/wcsstore/Coles-CAS/images/3/0/8/3087060_B-th.jpg']
Tamar Valley	Kids Natural Greek Tropical Yoghurt Pouch	$ 1 .70	110g	$1.55 per 100G	"Nutrition Facts
Serving size: 1 serving = 110g
Qty
Quantity
per serving Qty
Quantity
per 100g / 100ml %
Percentage
daily intake*
Energy 436kJ 396kJ
Not provided
Energy Cal 104Cal 95Cal
Not provided
Protein 4.0g 3.6g
Not provided
Total Fat 7.7g 7.0g
Not provided
Saturated Fat 5.1g 4.6g
Not provided
Carbohydrate 5.0g 4.5g
Not provided
Sugars 3.7g 3.4g
Not provided
Sodium 35mg 32mg
Not provided
Gluten Nil Nil
Not provided
Calcium
Not provided
142mg
Not provided
*Percentage Daily Intake per serving. Percentage Daily Intakes are based on an average adult diet of 8700 kJ. Your daily intakes may be higher or lower depending on your energy needs.
Disclaimer:
Product details, including nutritional information and country of origin, may change from time to time and so the product you receive in your order may not reflect the information on this page. Please check the packaging on any product you purchase and if it's not what you expected, feel free to return it for a full refund.
Details
Ingredients:
Whole Milk, Cream, Milk Solids, Fruit (4.2%) (Peach Puree, Mango Puree Orange pulp, Lemon Pulp), Rice Starch, Natural Flavours, Live Yoghurt Culture.
Contains:
Yoghurt Cultures, Cream, Milk, 88% Dairy.
Allergen:
Contains Cream, Contains Milk
Dietary:
Source of Calcium, No Added Sugars
Servings Per Pack:
1.0
Storage Instructions:
Keep refrigerated between 1C and 4C.
Suitable for:
Children 6 months & older (Contains 28% Calcium RDI per serve for infants 6-12 months)
Usage Instructions:
Shake before opening. Ready to consume.
Size:
110g
Warning:
Cap is not a toy and may present a choking hazard. Always supervise your child while eating. Discard uneaten portion once opened.
Code: 2744360P
2 7 4 4 3 6 0 P
Customers also purchased
Tamar Valley Kids Greek Strawberry Yoghurt Pouch 110g
Tamar Valley Kids Greek Strawberry Yoghurt Pouch
110g
$1.70
Was $2.20 Jan 2023
110g $1.55 per 100G
Unit Price
Add
1
for $1.70

Tamar Valley Kids Greek Blueberry Yoghurt Pouch 110g
Tamar Valley Kids Greek Blueberry Yoghurt Pouch
110g
$1.70
Was $2.20 Jan 2023
110g $1.55 per 100G
Unit Price
Add
1
for $1.70

Tamar Valley Kids Greek Natural Raspberry Yoghurt Pouch 110g
Tamar Valley Kids Greek Natural Raspberry Yoghurt Pouch
110g
$1.70
Was $2.20 Jan 2023
110g $1.55 per 100G
Unit Price
Add
1
for $1.70

Tamar Valley Kids Greek Pouch Yoghurt 110g
Tamar Valley Kids Greek Pouch Yoghurt
110g
$1.70
Was $2.20 Jan 2023
110g $1.55 per 100G
Unit Price
Add
1
for $1.70"	['/wcsstore/Coles-CAS/images/2/7/4/2744360-th.jpg', '/wcsstore/Coles-CAS/images/2/7/4/2744360_B-th.jpg']
Vaalia	Kids Vanilla Yoghurt Pouch	$ 2 .20	140g	$1.57 per 100G	"Nutrition Facts
Serving size: 1 serving = 140g
Qty
Quantity
per serving Qty
Quantity
per 100g / 100ml %
Percentage
daily intake*
Energy 529kJ 378kJ
Not provided
Energy Cal 127Cal 90Cal
Not provided
Protein 6.4g 4.6g
Not provided
Total Fat 3.5g 2.5g
Not provided
Saturated Fat 2.4g 1.7g
Not provided
Carbohydrate 17.1g 12.2g
Not provided
Sugars 13.2g 9.4g
Not provided
Sodium 67mg 48mg
Not provided
Gluten NIL NIL
Not provided
Vitamin B12 0.29ug 0.21ug 14% RDI*
Calcium 224mg 160mg 28% RDI*
*Percentage Daily Intake per serving. Percentage Daily Intakes are based on an average adult diet of 8700 kJ. Your daily intakes may be higher or lower depending on your energy needs.
Disclaimer:
Product details, including nutritional information and country of origin, may change from time to time and so the product you receive in your order may not reflect the information on this page. Please check the packaging on any product you purchase and if it's not what you expected, feel free to return it for a full refund.
Details
Ingredients:
Whole Milk, skim milk, milk solids, water, sugar, rice starch, gelatin, natural flavours, acidity regulators (331, 330), live cultures (incl. L. acidophilus, Bifidobacterium, Lactobacillus GG).
Contains:
Milk
Allergen:
Contains Milk
Dietary:
No Preservatives
Servings Per Pack:
1.0
Storage Instructions:
To enjoy Vaalia at its best, please keep refrigerated between 1C- 5C., Refrigerate Below 5C. Best Consumed within 7 Days of Opening.
Usage Instructions:
Ready to consume. Discard uneaten portion once opened.
Size:
140g
Warning:
Cap is not a toy and may present a choking hazard. Always supervise your child while eating.
Code: 7246869P
7 2 4 6 8 6 9 P"	['/wcsstore/Coles-CAS/images/7/2/4/7246869-th.jpg', '/wcsstore/Coles-CAS/images/7/2/4/7246869_B-th.jpg']
Vaalia	Kids Strawberry Yoghurt Pouch	$ 2 .20	140g	$1.57 per 100G	"Nutrition Facts
Serving size: 1 serving = 140g
Qty
Quantity
per serving Qty
Quantity
per 100g / 100ml %
Percentage
daily intake*
Energy 517kJ 369kJ
Not provided
Energy Cal 124Cal 88Cal
Not provided
Protein 6.4g 4.6g
Not provided
Total Fat 3.4g 2.4g
Not provided
Saturated Fat 2.4g 1.7g
Not provided
Carbohydrate 16.5g 11.8g
Not provided
Sugars 12.5g 8.9g
Not provided
Sodium 69mg 49mg
Not provided
Vitamin B12 0.29ug 0.21ug 14% RDI*
Calcium 219mg 157mg 27% RDI*
*Percentage Daily Intake per serving. Percentage Daily Intakes are based on an average adult diet of 8700 kJ. Your daily intakes may be higher or lower depending on your energy needs.
Disclaimer:
Product details, including nutritional information and country of origin, may change from time to time and so the product you receive in your order may not reflect the information on this page. Please check the packaging on any product you purchase and if it's not what you expected, feel free to return it for a full refund.
Details
Ingredients:
Whole Milk, skim milk, water, sugar, milk solids, Strawberry pulp (3.5%), rice starch, gelatin, natural flavours, acidity regulators (331, 330), live yoghurt cultures (incl. L. acidophilus, Bifidobacterium, Lactobacillus GG).
Contains:
Milk
Allergen:
Contains Milk
Dietary:
No Preservatives
Servings Per Pack:
1.0
Storage Instructions:
To enjoy Vaalia at its best, please keep refrigerated between 1C- 5C.
Usage Instructions:
Ready to consume. Discard uneaten portion once opened.
Size:
140g
Warning:
Cap is not a toy and may present a choking hazard. Always supervise your child while eating.
Code: 7246880P
7 2 4 6 8 8 0 P
Customers also purchased
Vaalia Probiotics Banana Kids Yoghurt Pouch 140g
Vaalia Probiotics Banana Kids Yoghurt Pouch
140g
$2.20
140g $1.57 per 100G
Unit Price
Add
1
for $2.20

Vaalia Kids Vanilla Yoghurt Pouch 140g
Vaalia Kids Vanilla Yoghurt Pouch
140g
$2.20
140g $1.57 per 100G
Unit Price
Add
1
for $2.20

Vaalia Kids Tropical Yoghurt Pouch 140g
Vaalia Kids Tropical Yoghurt Pouch
140g
$2.20
140g $1.57 per 100G
Unit Price
Add
1
for $2.20

Vaalia Kids Pouch Yoghurt Blueberry 140g
Vaalia Kids Pouch Yoghurt Blueberry
140g
$2.20
140g $1.57 per 100G
Unit Price
Add
1
for $2.20"	['/wcsstore/Coles-CAS/images/7/2/4/7246880-th.jpg', '/wcsstore/Coles-CAS/images/7/2/4/7246880_B-th.jpg']
Yoplait	Petit Miam Strawberry & Banana	$ 1 .00	70g	$1.43 per 100G	"Disclaimer:
Product details, including nutritional information and country of origin, may change from time to time and so the product you receive in your order may not reflect the information on this page. Please check the packaging on any product you purchase and if it's not what you expected, feel free to return it for a full refund.
Details
Contains:
Milk, Cream.
Storage Instructions:
Keep refrigerated below 4C
Suitable for:
Halal
Usage Instructions:
Give me a shake. Single serve, consume once opened. Serve chilled.
Size:
70g
Code: 3830897P
3 8 3 0 8 9 7 P
Customers also purchased
Yoplait Petit Miam Squeezie Fruit Salad Yoghurt Pouch 70g
Yoplait Petit Miam Squeezie Fruit Salad Yoghurt Pouch
70g
$1.00
70g $1.43 per 100G
Unit Price
Add
1
for $1.00

Yoplait Petit Miam Squeezie Banana Yoghurt Pouch 70g
Yoplait Petit Miam Squeezie Banana Yoghurt Pouch
70g
$1.00
70g $1.43 per 100G
Unit Price
Add
1
for $1.00

Yoplait Petit Miam Vanilla Yoghurt Pouch 70g
Yoplait Petit Miam Vanilla Yoghurt Pouch
70g
$1.00
70g $1.43 per 100G
Unit Price
Add
1
for $1.00

Yoplait Petit Miam Yoghurt Vanilla Apple 70g
Yoplait Petit Miam Yoghurt Vanilla Apple
70g
$1.00
70g $1.43 per 100G
Unit Price
Add
1
for $1.00"	['/wcsstore/Coles-CAS/images/3/8/3/3830897-th.jpg', '/wcsstore/Coles-CAS/images/3/8/3/3830897_B-th.jpg']
Tamar Valley	Kids Greek Natural Raspberry Yoghurt Pouch	$ 1 .70	110g	$1.55 per 100G	"Nutrition Facts
Serving size: 1 serving = 110g
Qty
Quantity
per serving Qty
Quantity
per 100g / 100ml %
Percentage
daily intake*
Energy 438kJ 398kJ
Not provided
Energy Cal 105Cal 95Cal
Not provided
Protein 4.1g 3.7g
Not provided
Total Fat 7.8g 7.1g
Not provided
Saturated Fat 5.2g 4.7g
Not provided
Carbohydrate 4.5g 4.1g
Not provided
Sugars 3.4g 3.1g
Not provided
Sodium 35mg 32mg
Not provided
Gluten Nil Nil
Not provided
Calcium
Not provided
151mg
Not provided
*Percentage Daily Intake per serving. Percentage Daily Intakes are based on an average adult diet of 8700 kJ. Your daily intakes may be higher or lower depending on your energy needs.
Disclaimer:
Product details, including nutritional information and country of origin, may change from time to time and so the product you receive in your order may not reflect the information on this page. Please check the packaging on any product you purchase and if it's not what you expected, feel free to return it for a full refund.
Details
Ingredients:
Whole milk, Cream, Milk Solids, Seedless Raspberry Pulp (4.0%), Rice Starch, Natural Flavours, Live Yoghurt Cultures.
Contains:
Yoghurt cultures, Cream, Milk, Dairy 88%.
Allergen:
Contains Cream, Contains Milk
Dietary:
Source of Calcium, No Added Sugars
Servings Per Pack:
1.0
Storage Instructions:
Keep refrigerated between 1C and 4C.
Suitable for:
Children 6 months & older. (Contains 30% Calcium RDI per serve for infants 6-12 months.)
Usage Instructions:
Shake before opening. Ready to consume.
Size:
110g
Warning:
Cap is not a toy and may present a choking hazard. Always supervise your children while eating. Discard uneaten portion once opened.
Code: 3245570P
3 2 4 5 5 7 0 P
Customers also purchased
Tamar Valley Kids Greek Strawberry Yoghurt Pouch 110g
Tamar Valley Kids Greek Strawberry Yoghurt Pouch
110g
$1.70
Was $2.20 Jan 2023
110g $1.55 per 100G
Unit Price
Add
1
for $1.70

Tamar Valley Kids Natural Greek Tropical Yoghurt Pouch 110g
Tamar Valley Kids Natural Greek Tropical Yoghurt Pouch
110g
$1.70
Was $2.20 Jan 2023
110g $1.55 per 100G
Unit Price
Add
1
for $1.70

Tamar Valley Kids Greek Vanilla Yoghurt Pouch 110g
Tamar Valley Kids Greek Vanilla Yoghurt Pouch
110g
$1.70
Was $2.20 Jan 2023
110g $1.55 per 100G
Unit Price
Add
1
for $1.70

Tamar Valley Kids Greek Blueberry Yoghurt Pouch 110g
Tamar Valley Kids Greek Blueberry Yoghurt Pouch
110g
$1.70
Was $2.20 Jan 2023
110g $1.55 per 100G
Unit Price
Add
1
for $1.70"	['/wcsstore/Coles-CAS/images/3/2/4/3245570-th.jpg', '/wcsstore/Coles-CAS/images/3/2/4/3245570_B-th.jpg']
Tamar Valley	Kids Greek Pouch Yoghurt	$ 1 .70	110g	$1.55 per 100G	"Nutrition Facts
Serving size: 1 serving = 110g
Qty
Quantity
per serving Qty
Quantity
per 100g / 100ml %
Percentage
daily intake*
Energy 459kJ 417kJ
Not provided
Energy Cal 110Cal 100Cal
Not provided
Protein 4.0g 3.6g
Not provided
Total Fat 7.5g 6.8g
Not provided
Saturated Fat 5.0g 4.5g
Not provided
Carbohydrate 6.7g 6.1g
Not provided
Sugars 4.8g 4.4g
Not provided
Sodium 37mg 34mg
Not provided
Gluten Nil Nil
Not provided
Calcium 152mg 138mg
Not provided
*Percentage Daily Intake per serving. Percentage Daily Intakes are based on an average adult diet of 8700 kJ. Your daily intakes may be higher or lower depending on your energy needs.
Disclaimer:
Product details, including nutritional information and country of origin, may change from time to time and so the product you receive in your order may not reflect the information on this page. Please check the packaging on any product you purchase and if it's not what you expected, feel free to return it for a full refund.
Details
Ingredients:
Milk, Cream, Milk Solids, Seedless Banana Puree (13%), Natural Flavours, Acidity Regulators (300, 330), Live Yoghurt Cultures.
Contains:
Cream, Milk, 87% Dairy.
Allergen:
Contains Dairy, Contains Cream, Contains Milk
Dietary:
Source of Calcium, No Added Sugars
Servings Per Pack:
1.0
Storage Instructions:
Keep refrigerated between 1C and 4C.
Suitable for:
Suitable for children 6 months and older (contains 27% RDI calcium per serve for infants 6-12 months).
Usage Instructions:
Shake before opening. Ready to consume. Discard uneaten portion once opened.
Size:
110g
Warning:
Cap is not a toy and may present a choking hazard. Supervise your child while eating.
Code: 3539526P
3 5 3 9 5 2 6 P
Customers also purchased
Tamar Valley Kids Greek Strawberry Yoghurt Pouch 110g
Tamar Valley Kids Greek Strawberry Yoghurt Pouch
110g
$1.70
Was $2.20 Jan 2023
110g $1.55 per 100G
Unit Price
Add
1
for $1.70

Tamar Valley Kids Natural Greek Tropical Yoghurt Pouch 110g
Tamar Valley Kids Natural Greek Tropical Yoghurt Pouch
110g
$1.70
Was $2.20 Jan 2023
110g $1.55 per 100G
Unit Price
Add
1
for $1.70

Tamar Valley Kids Greek Vanilla Yoghurt Pouch 110g
Tamar Valley Kids Greek Vanilla Yoghurt Pouch
110g
$1.70
Was $2.20 Jan 2023
110g $1.55 per 100G
Unit Price
Add
1
for $1.70

Tamar Valley Kids Greek Blueberry Yoghurt Pouch 110g
Tamar Valley Kids Greek Blueberry Yoghurt Pouch
110g
$1.70
Was $2.20 Jan 2023
110g $1.55 per 100G
Unit Price
Add
1
for $1.70"	['/wcsstore/Coles-CAS/images/3/5/3/3539526-th.jpg', '/wcsstore/Coles-CAS/images/3/5/3/3539526_B-th.jpg']
Farmers Union	Greek Style Passionfruit Yoghurt Pouch	$ 2 .00	130g	$1.54 per 100G	"Nutrition Facts
Serving size: 1 serving = 130g
Qty
Quantity
per serving Qty
Quantity
per 100g / 100ml %
Percentage
daily intake*
Energy 497kJ 382kJ
Not provided
Energy Cal 118Cal 91Cal
Not provided
Protein 6.5g 5.0g
Not provided
Total Fat 3.8g 2.9g
Not provided
Saturated Fat 2.5g 1.9g
Not provided
Carbohydrate 14.4g 11.1g
Not provided
Sugars 13.9g 10.7g
Not provided
Dietary Fibre Total 0.0g 0.0g
Not provided
Sodium 66mg 51mg
Not provided
Gluten 0 0
Not provided
Calcium 294mg 226mg 37% RDI
*Percentage Daily Intake per serving. Percentage Daily Intakes are based on an average adult diet of 8700 kJ. Your daily intakes may be higher or lower depending on your energy needs.
Disclaimer:
Product details, including nutritional information and country of origin, may change from time to time and so the product you receive in your order may not reflect the information on this page. Please check the packaging on any product you purchase and if it's not what you expected, feel free to return it for a full refund.
Details
Ingredients:
Milk, Milk Solids, Water, Passionfruit (5%) (Reconstituted Juice, Pulp), Sugar, Cream (Milk), Thickener (Modified Starch), Milk Minerals, Natural Flavours, Probiotic Cultures (Milk): B. lactis (BB-12), Yoghurt Cultures (Milk): S. Thermophilus, L. Bulgaricus
Contains:
Milk and Cream.
Allergen:
Contains Milk, May Be Present Dairy
Servings Per Pack:
1.0
Storage Instructions:
Keep refrigerated below 4C.
Usage Instructions:
Enjoy on its own as a snack or squeeze onto fruit.
Size:
130g
Code: 3306765P
3 3 0 6 7 6 5 P
Customers also purchased
Farmers Union Greek Style Vanilla Bean Yoghurt 130g
Farmers Union Greek Style Vanilla Bean Yoghurt
130g
$2.00
130g $1.54 per 100G
Unit Price
Add
1
for $2.00

Farmers Union Greek Style Mango Yoghurt Pouch 130g
Farmers Union Greek Style Mango Yoghurt Pouch
130g
$2.00
130g $1.54 per 100G
Unit Price
Add
1
for $2.00

Farmers Union Greek Style Strawberry Yoghurt Pouch 130g
Farmers Union Greek Style Strawberry Yoghurt Pouch
130g
$2.00
130g $1.54 per 100G
Unit Price
Add
1
for $2.00

Farmers Union Yoghurt Peach 130g 130g
Farmers Union Yoghurt Peach 130g
130g
$2.00
130g $1.54 per 100G
Unit Price
Add
1
for $2.00"	['/wcsstore/Coles-CAS/images/3/3/0/3306765-th.jpg', '/wcsstore/Coles-CAS/images/3/3/0/3306765_B-th.jpg']
Jalna	Pouch Of Purity Organic Strawberry Yoghurt	$ 1 .95	100g	$1.95 per 100G	"Nutrition Facts
Serving size: 1 serving = 100g
Qty
Quantity
per serving Qty
Quantity
per 100g / 100ml %
Percentage
daily intake*
Energy 365kJ 365kJ
Not provided
Protein 4.1g 4.1g
Not provided
Total Fat 5g 5g
Not provided
Saturated Fat 3.5g 3.5g
Not provided
Carbohydrate 6.5g 6.5g
Not provided
Sugars 4.8g 4.8g
Not provided
Sodium 43mg 43mg
Not provided
Gluten Undetected Undetected
Not provided
Calcium 162mg 162mg 23%
*Percentage Daily Intake per serving. Percentage Daily Intakes are based on an average adult diet of 8700 kJ. Your daily intakes may be higher or lower depending on your energy needs.
Disclaimer:
Product details, including nutritional information and country of origin, may change from time to time and so the product you receive in your order may not reflect the information on this page. Please check the packaging on any product you purchase and if it's not what you expected, feel free to return it for a full refund.
Details
Ingredients:
Pasteurised Organic Whole Milk, Non-Organic Milk Solids ( 1 Billion Probiotic Count Per 100g
Allergen:
Free From Gluten, Contains Milk
Environmental:
Australian Made and Owned, Recyclable
Dietary:
No Added Sugars, No Preservatives, No Artificial Flavours or Colours
Servings Per Pack:
1.0
Storage Instructions:
Keep Refrigerated. Ready to Eat
Dimensions:
165 x 77 x 40mm
Usage Instructions:
Servings Per Pack: 1, Serving Size: 100g
Warning:
WARNING CHOKING HAZARD: KEEP CAP OUT OF REACH OF INFANTS AND CHILDREN UNDER THE AGE OF 3.
Code: 3536583P
3 5 3 6 5 8 3 P"	['/wcsstore/Coles-CAS/images/3/5/3/3536583-th.jpg', '/wcsstore/Coles-CAS/images/3/5/3/3536583_B-th.jpg']
Yoplait	Petit Miam Squeezie Fruit Salad Yoghurt Pouch	$ 1 .00	70g	$1.43 per 100G	"Disclaimer:
Product details, including nutritional information and country of origin, may change from time to time and so the product you receive in your order may not reflect the information on this page. Please check the packaging on any product you purchase and if it's not what you expected, feel free to return it for a full refund.
Details
Size:
70g
Code: 6569217P
6 5 6 9 2 1 7 P
Customers also purchased
Yoplait Petit Miam Squeezie Banana Yoghurt Pouch 70g
Yoplait Petit Miam Squeezie Banana Yoghurt Pouch
70g
$1.00
70g $1.43 per 100G
Unit Price
Add
1
for $1.00

Yoplait Petit Miam Vanilla Yoghurt Pouch 70g
Yoplait Petit Miam Vanilla Yoghurt Pouch
70g
$1.00
70g $1.43 per 100G
Unit Price
Add
1
for $1.00

Yoplait Petit Miam Mango Yoghurt Pouch 70g
Yoplait Petit Miam Mango Yoghurt Pouch
70g
$1.00
70g $1.43 per 100G
Unit Price
Add
1
for $1.00

Yoplait Petit Miam Yoghurt Vanilla Apple 70g
Yoplait Petit Miam Yoghurt Vanilla Apple
70g
$1.00
70g $1.43 per 100G
Unit Price
Add
1
for $1.00"	[]
Pauls	Kids Vanilla Yoghurt	$ 1 .20	70g	$1.71 per 100G	"Nutrition Facts
Serving size: 1 serving = 70g
Qty
Quantity
per serving Qty
Quantity
per 100g / 100ml %
Percentage
daily intake*
Energy 260kJ 372kJ
Not provided
Energy Cal 62Cal 89Cal
Not provided
Protein 2.7g 3.8g
Not provided
Total Fat 2.0g 2.9g
Not provided
Saturated Fat 1.3g 1.9g
Not provided
Carbohydrate 7.7g 11.0g
Not provided
Sugars 5.3g 7.6g
Not provided
Sodium 22mg 32mg
Not provided
Gluten Nil Nil
Not provided
Vitamin D 0.6ug (12% RDI*) 248mg
Not provided
Calcium 173mg (25% RDI*) 248mg
Not provided
*Percentage Daily Intake per serving. Percentage Daily Intakes are based on an average adult diet of 8700 kJ. Your daily intakes may be higher or lower depending on your energy needs.
Disclaimer:
Product details, including nutritional information and country of origin, may change from time to time and so the product you receive in your order may not reflect the information on this page. Please check the packaging on any product you purchase and if it's not what you expected, feel free to return it for a full refund.
Details
Ingredients:
Milk, Water, Sugar, Milk Solids, Thickener (1442), Maltodextrin (from Tapioca), Calcium Phosphate, Natural flavours, Stabiliser (440), Acidity regulators (330, 331), Live cultures (Including Bifidobacterium), Vitamin D.
Contains:
Milk
Allergen:
Contains Milk
Dietary:
No Preservatives
Servings Per Pack:
1.0
Storage Instructions:
Keep refrigerated at or below 4C.
Suitable for:
12+ months
Size:
70g
Warning:
Cap is not a toy and may present a choking hazard. Always supervise your child while eating.
Code: 3992764P
3 9 9 2 7 6 4 P
Customers also purchased
Pauls Kids Yoghurt Strawberry Red 70g
Pauls Kids Yoghurt Strawberry Red
70g
$1.20
70g $1.71 per 100G
Unit Price
Add
1
for $1.20

Pauls Kids Yoghurt Strawberry Pink 70g
Pauls Kids Yoghurt Strawberry Pink
70g
$1.20
70g $1.71 per 100G
Unit Price
Add
1
for $1.20

Pauls Kids Yoghurt Banana 70g
Pauls Kids Yoghurt Banana
70g
$1.20
70g $1.71 per 100G
Unit Price
Add
1
for $1.20

Pauls Kids Yoghurt Limited Edition 70g
Pauls Kids Yoghurt Limited Edition
70g
$1.20
70g $1.71 per 100G
Unit Price
Add
1
for $1.20"	['/wcsstore/Coles-CAS/images/3/9/9/3992764-th.jpg', '/wcsstore/Coles-CAS/images/3/9/9/3992764_L-th.jpg', '/wcsstore/Coles-CAS/images/3/9/9/3992764_R-th.jpg', '/wcsstore/Coles-CAS/images/3/9/9/3992764_B-th.jpg']
Chobani	Strawberry Yoghurt Pouch	$ 2 .50	140g	$1.79 per 100G	"Nutrition Facts
Serving size: 1 serving = 140g
Qty
Quantity
per serving Qty
Quantity
per 100g / 100ml %
Percentage
daily intake*
Energy 506kJ 362kJ
Not provided
Energy Cal 121Cal 86Cal
Not provided
Protein 11.0g 7.9g
Not provided
Total Fat 0.2g 0.2g
Not provided
Saturated Fat 0.1g 0.1g
Not provided
Carbohydrate 18.1g 12.9g
Not provided
Sugars 17.0g 12.2g
Not provided
Sodium 47mg 34mg
Not provided
Calcium 144mg 103mg
Not provided
*Percentage Daily Intake per serving. Percentage Daily Intakes are based on an average adult diet of 8700 kJ. Your daily intakes may be higher or lower depending on your energy needs.
Disclaimer:
Product details, including nutritional information and country of origin, may change from time to time and so the product you receive in your order may not reflect the information on this page. Please check the packaging on any product you purchase and if it's not what you expected, feel free to return it for a full refund.
Details
Ingredients:
Low Fat Yogurt (80%), Strawberry Blend (20%). Low Fat Yogurt (80%) [Skim Milk, Live Yogurt Cultures], Strawberry Blend (20%) [Sugar, Strawberry (30%), Water, Vegetable Gums (Fruit Pectin, Locust Bean Gum), Natural Flavours, Acidity Regulators (Sodium Citrate, Lactic Acid), Black Carrot and Blackcurrant Concentrate, Mineral Salt (Calcium Citrate)].
Contains:
Milk
Allergen:
Contains Milk
Dietary:
Source of Calcium, No Preservatives, No Artificial Flavours or Colours
Servings Per Pack:
1.0
Storage Instructions:
Keep refrigerated at or below 4C.
Size:
140g
Code: 1434684P
1 4 3 4 6 8 4 P
Customers also purchased
Chobani Blueberry Yoghurt Pouch 140g
Chobani Blueberry Yoghurt Pouch
140g
$2.50
140g $1.79 per 100G
Unit Price
Add
1
for $2.50

Chobani Raspberry Yoghurt Pouch 140g
Chobani Raspberry Yoghurt Pouch
140g
$2.50
140g $1.79 per 100G
Unit Price
Add
1
for $2.50

Chobani Vanilla Yoghurt Pouch 140g
Chobani Vanilla Yoghurt Pouch
140g
$2.50
140g $1.79 per 100G
Unit Price
Add
1
for $2.50

Chobani Mango Greek Yogurt Pouch 140g
Chobani Mango Greek Yogurt Pouch
140g
$2.50
140g $1.79 per 100G
Unit Price
Add
1
for $2.50"	['/wcsstore/Coles-CAS/images/1/4/3/1434684-th.jpg', '/wcsstore/Coles-CAS/images/1/4/3/1434684_B-th.jpg']
Jalna	Pouch Of Purity Organic Blueberry Yoghurt	$ 1 .95	100g	$1.95 per 100G	"Nutrition Facts
Serving size: 1 serving = 100g
Qty
Quantity
per serving Qty
Quantity
per 100g / 100ml %
Percentage
daily intake*
Energy 369kJ 369kJ
Not provided
Protein 4g 4g
Not provided
Total Fat 5g 5g
Not provided
Saturated Fat 3.4g 3.4g
Not provided
Carbohydrate 6.8g 6.8g
Not provided
Sugars 5.1g 5.1g
Not provided
Sodium 43mg 43mg
Not provided
Gluten Undetected Undetected
Not provided
Calcium 156mg 156mg 22%
*Percentage Daily Intake per serving. Percentage Daily Intakes are based on an average adult diet of 8700 kJ. Your daily intakes may be higher or lower depending on your energy needs.
Disclaimer:
Product details, including nutritional information and country of origin, may change from time to time and so the product you receive in your order may not reflect the information on this page. Please check the packaging on any product you purchase and if it's not what you expected, feel free to return it for a full refund.
Details
Ingredients:
Pasteurised Organic Whole Milk, Non-Organic Milk Solids ( 1 Billion Probiotic Count Per 100g
Allergen:
Free From Gluten, Contains Milk
Environmental:
Australian Made and Owned, Recyclable
Dietary:
No Added Sugars, No Preservatives, No Artificial Flavours or Colours
Servings Per Pack:
1.0
Storage Instructions:
Keep Refrigerated. Ready to Eat
Dimensions:
165 x 77 x 40mm
Usage Instructions:
Servings Per Pack: 1, Serving Size: 100g
Warning:
WARNING CHOKING HAZARD: KEEP CAP OUT OF REACH OF INFANTS AND CHILDREN UNDER THE AGE OF 3.
Code: 3536561P
3 5 3 6 5 6 1 P"	['/wcsstore/Coles-CAS/images/3/5/3/3536561-th.jpg', '/wcsstore/Coles-CAS/images/3/5/3/3536561_B-th.jpg']
Yoplait	Petit Miam Yoghurt Vanilla Apple	$ 1 .00	70g	$1.43 per 100G	"Disclaimer:
Product details, including nutritional information and country of origin, may change from time to time and so the product you receive in your order may not reflect the information on this page. Please check the packaging on any product you purchase and if it's not what you expected, feel free to return it for a full refund.
Details
Contains:
Milk, Cream.
Storage Instructions:
Keep refrigerated below 4C.
Suitable for:
Halal
Usage Instructions:
Give me a shake. Single serve, consume once opened. Serve chilled.
Size:
70g
Code: 3830875P
3 8 3 0 8 7 5 P
Customers also purchased
Yoplait Petit Miam Squeezie Fruit Salad Yoghurt Pouch 70g
Yoplait Petit Miam Squeezie Fruit Salad Yoghurt Pouch
70g
$1.00
70g $1.43 per 100G
Unit Price
Add
1
for $1.00

Yoplait Petit Miam Squeezie Banana Yoghurt Pouch 70g
Yoplait Petit Miam Squeezie Banana Yoghurt Pouch
70g
$1.00
70g $1.43 per 100G
Unit Price
Add
1
for $1.00

Yoplait Petit Miam Vanilla Yoghurt Pouch 70g
Yoplait Petit Miam Vanilla Yoghurt Pouch
70g
$1.00
70g $1.43 per 100G
Unit Price
Add
1
for $1.00

Yoplait Petit Miam Strawberry & Banana 70g
Yoplait Petit Miam Strawberry & Banana
70g
$1.00
70g $1.43 per 100G
Unit Price
Add
1
for $1.00"	['/wcsstore/Coles-CAS/images/3/8/3/3830875-th.jpg', '/wcsstore/Coles-CAS/images/3/8/3/3830875_R-th.jpg', '/wcsstore/Coles-CAS/images/3/8/3/3830875_B-th.jpg']
Jalna	Pouch Of Purity Organic Vanilla Yoghurt	$ 1 .95	100g	$1.95 per 100G	"Nutrition Facts
Serving size: 1 serving = 100g
Qty
Quantity
per serving Qty
Quantity
per 100g / 100ml %
Percentage
daily intake*
Energy 372kJ 372kJ
Not provided
Protein 4.5g 4.5g
Not provided
Total Fat 5.4g 5.4g
Not provided
Saturated Fat 3.9g 3.9g
Not provided
Carbohydrate 5.3g 5.3g
Not provided
Sugars 2.9g 2.9g
Not provided
Sodium 49mg 49mg
Not provided
Gluten Undetected Undetected
Not provided
Calcium 162mg 162mg 23%
*Percentage Daily Intake per serving. Percentage Daily Intakes are based on an average adult diet of 8700 kJ. Your daily intakes may be higher or lower depending on your energy needs.
Disclaimer:
Product details, including nutritional information and country of origin, may change from time to time and so the product you receive in your order may not reflect the information on this page. Please check the packaging on any product you purchase and if it's not what you expected, feel free to return it for a full refund.
Details
Ingredients:
Pasteurised Organic Whole Milk, Non-Organic Milk Solids ( 1 Billion Probiotic Count Per 100g
Allergen:
Free From Gluten, Contains Milk
Environmental:
Australian Made and Owned, Recyclable
Dietary:
No Added Sugars, No Preservatives, No Artificial Flavours or Colours
Servings Per Pack:
1.0
Storage Instructions:
Keep Refrigerated. Ready to Eat
Dimensions:
165 x 77 x 40mm
Usage Instructions:
Servings Per Pack: 1, Serving Size: 100g
Warning:
WARNING CHOKING HAZARD: KEEP CAP OUT OF REACH OF INFANTS AND CHILDREN UNDER THE AGE OF 3.
Code: 3536572P
3 5 3 6 5 7 2 P
Customers also purchased
Jalna Pouch Of Purity Organic Blueberry Yoghurt 100g
Jalna Pouch Of Purity Organic Blueberry Yoghurt
100g
$1.95
100g $1.95 per 100G
Unit Price
Add
1
for $1.95

Jalna Pouch Of Purity Organic Strawberry Yoghurt 100g
Jalna Pouch Of Purity Organic Strawberry Yoghurt
100g
$1.95
100g $1.95 per 100G
Unit Price
Add
1
for $1.95

Yoplait Petit Miam Yoghurt Vanilla Apple 70g
Yoplait Petit Miam Yoghurt Vanilla Apple
70g
$1.00
70g $1.43 per 100G
Unit Price
Add
1
for $1.00"	['/wcsstore/Coles-CAS/images/3/5/3/3536572-th.jpg', '/wcsstore/Coles-CAS/images/3/5/3/3536572_B-th.jpg']
Pauls	Kids Yoghurt Strawberry Pink	$ 1 .20	70g	$1.71 per 100G	"Nutrition Facts
Serving size: 1 serving = 70g
Qty
Quantity
per serving Qty
Quantity
per 100g / 100ml %
Percentage
daily intake*
Energy 262kJ 373kJ
Not provided
Energy Cal 63Cal 89Cal
Not provided
Protein 2.8g 4.0g
Not provided
Total Fat 2.1g 3.0g
Not provided
Saturated Fat 1.3g 1.9g
Not provided
Carbohydrate 7.4g 10.5g
Not provided
Sugars 5.5g 7.8g
Not provided
Sodium 22mg 32mg
Not provided
Gluten Nil Nil
Not provided
Vitamin D 0.6ug (12% RDI*) 0.9ug
Not provided
Calcium 173mg(25% RDI*) 247mg
Not provided
*Percentage Daily Intake per serving. Percentage Daily Intakes are based on an average adult diet of 8700 kJ. Your daily intakes may be higher or lower depending on your energy needs.
Disclaimer:
Product details, including nutritional information and country of origin, may change from time to time and so the product you receive in your order may not reflect the information on this page. Please check the packaging on any product you purchase and if it's not what you expected, feel free to return it for a full refund.
Details
Ingredients:
Milk, Sugar, Strawberry Pulp (5.6%), Milk Solids, Thickener (1442), Maltodextrin (from Tapioca), Calcium Phosphate, Reconstituted Elderberry Juice, Stabiliser (440, 410), Natural flavours, Acidity regulators (330, 331, 509), Live cultures (Including Bifidobacterium), Vitamin D.
Contains:
Active Cultures and Milk.
Allergen:
Contains Milk
Dietary:
No Preservatives, No Artificial Flavours or Colours
Servings Per Pack:
1.0
Storage Instructions:
Keep refrigerated at or below 4C.
Suitable for:
12+ months.
Size:
70g
Warning:
Cap is not a toy and may present a choking hazard. Always supervise your child while eating.
Code: 3992775P
3 9 9 2 7 7 5 P
Customers also purchased
Pauls Kids Vanilla Yoghurt 70g
Pauls Kids Vanilla Yoghurt
70g
$1.20
70g $1.71 per 100G
Unit Price
Add
1
for $1.20

Pauls Kids Yoghurt Strawberry Red 70g
Pauls Kids Yoghurt Strawberry Red
70g
$1.20
70g $1.71 per 100G
Unit Price
Add
1
for $1.20

Pauls Kids Yoghurt Banana 70g
Pauls Kids Yoghurt Banana
70g
$1.20
70g $1.71 per 100G
Unit Price
Add
1
for $1.20

Pauls Kids Yoghurt Limited Edition 70g
Pauls Kids Yoghurt Limited Edition
70g
$1.20
70g $1.71 per 100G
Unit Price
Add
1
for $1.20"	['/wcsstore/Coles-CAS/images/3/9/9/3992775-th.jpg', '/wcsstore/Coles-CAS/images/3/9/9/3992775_B-th.jpg']
Farmers Union	Yoghurt Peach 130g	$ 2 .00	130g	$1.54 per 100G	"Nutrition Facts
Serving size: 1 serving = 130g
Qty
Quantity
per serving Qty
Quantity
per 100g / 100ml %
Percentage
daily intake*
Energy 485kJ 373kJ
Not provided
Energy Cal 116Cal 89Cal
Not provided
Protein 6.4g 4.9g
Not provided
Total Fat 3.8g 2.9g
Not provided
Saturated Fat 2.5g 1.9g
Not provided
Carbohydrate 13.8g 10.6g
Not provided
Sugars 13.2g 10.1
Not provided
Dietary Fibre Total 0.1g 0.1g
Not provided
Sodium 64mg 49mg
Not provided
Gluten 0mg 0mg
Not provided
Calcium 226mg 174mg 28% RDI*
*Percentage Daily Intake per serving. Percentage Daily Intakes are based on an average adult diet of 8700 kJ. Your daily intakes may be higher or lower depending on your energy needs.
Disclaimer:
Product details, including nutritional information and country of origin, may change from time to time and so the product you receive in your order may not reflect the information on this page. Please check the packaging on any product you purchase and if it's not what you expected, feel free to return it for a full refund.
Details
Ingredients:
Milk, Milk Solids, Peach (5%), Water, Sugar, Cream (Milk), Thickener (Modified Starch), Natural Flavours, Natural Colour (Carotene), Lemon Juice Concentrate, Probiotic Cultures (Milk): B. lactis (BB-12), Yoghurt Cultures (Milk): S. Thermophilus, L. Bulgaricus
Contains:
Milk (Cream).
Allergen:
Contains Milk
Servings Per Pack:
1.0
Storage Instructions:
Keep refrigerated below 4C.
Usage Instructions:
Enjoy as a snack on its own or squeeze onto fruit.
Size:
130g
Code: 3830911P
3 8 3 0 9 1 1 P
Customers also purchased
Farmers Union Greek Style Yoghurt 130g
Farmers Union Greek Style Yoghurt
130g
$2.00
130g $1.54 per 100G
Unit Price
Add
1
for $2.00

Farmers Union Greek Style Vanilla Bean Yoghurt 130g
Farmers Union Greek Style Vanilla Bean Yoghurt
130g
$2.00
130g $1.54 per 100G
Unit Price
Add
1
for $2.00

Farmers Union Greek Style Mango Yoghurt Pouch 130g
Farmers Union Greek Style Mango Yoghurt Pouch
130g
$2.00
130g $1.54 per 100G
Unit Price
Add
1
for $2.00

Farmers Union Greek Style Passionfruit Yoghurt Pouch 130g
Farmers Union Greek Style Passionfruit Yoghurt Pouch
130g
$2.00
130g $1.54 per 100G
Unit Price
Add
1
for $2.00"	['/wcsstore/Coles-CAS/images/3/8/3/3830911-th.jpg', '/wcsstore/Coles-CAS/images/3/8/3/3830911_B-th.jpg']
Vaalia	Kids Tropical Yoghurt Pouch	$ 2 .20	140g	$1.57 per 100G	"Nutrition Facts
Serving size: 1 serving = 140g
Qty
Quantity
per serving Qty
Quantity
per 100g / 100ml %
Percentage
daily intake*
Energy 519kJ 371kJ
Not provided
Energy Cal 124Cal 88Cal
Not provided
Protein 6.3g 4.5g
Not provided
Total Fat 3.5g 2.5g
Not provided
Saturated Fat 2.4g 1.7g
Not provided
Carbohydrate 16.8g 12.0g
Not provided
Sugars 12.7g 9.1g
Not provided
Sodium 69mg 49mg
Not provided
Gluten NIL NIL
Not provided
Vitamin B12 0.29ug 0.21ug 14% RDI*
*Percentage Daily Intake per serving. Percentage Daily Intakes are based on an average adult diet of 8700 kJ. Your daily intakes may be higher or lower depending on your energy needs.
Disclaimer:
Product details, including nutritional information and country of origin, may change from time to time and so the product you receive in your order may not reflect the information on this page. Please check the packaging on any product you purchase and if it's not what you expected, feel free to return it for a full refund.
Details
Ingredients:
Whole Milk, skim milk, water, sugar, milk solids, pineapple juice reconstituted (1.4%), mango puree reconstituted (1.4%), rice starch, orange juice reconstituted (0.4%), gelatin, natural flavours, acidity regulators (331, 330), live yoghurt cultures (incl. L. acidophilus, Bifidobacterium, Lactobacillus GG).
Contains:
Milk
Allergen:
Contains Milk
Dietary:
No Preservatives
Servings Per Pack:
1.0
Storage Instructions:
To enjoy Vaalia at its best, please keep refrigerated between 1C- 5C.
Usage Instructions:
Ready to consume. Discard uneaten portion once opened.
Size:
140g
Warning:
Cap is not a toy and may present a choking hazard. Always supervise your child while eating.
Code: 7246870P
7 2 4 6 8 7 0 P
Customers also purchased
Vaalia Probiotics Banana Kids Yoghurt Pouch 140g
Vaalia Probiotics Banana Kids Yoghurt Pouch
140g
$2.20
140g $1.57 per 100G
Unit Price
Add
1
for $2.20

Vaalia Kids Strawberry Yoghurt Pouch 140g
Vaalia Kids Strawberry Yoghurt Pouch
140g
$2.20
140g $1.57 per 100G
Unit Price
Add
1
for $2.20

Vaalia Kids Pouch Yoghurt Blueberry 140g
Vaalia Kids Pouch Yoghurt Blueberry
140g
$2.20
140g $1.57 per 100G
Unit Price
Add
1
for $2.20

Vaalia Kids Yoghurt Pouch Limited Edition 140g
Vaalia Kids Yoghurt Pouch Limited Edition
140g
$2.20
140g $1.57 per 100G
Unit Price
Add
1
for $2.20"	['/wcsstore/Coles-CAS/images/7/2/4/7246870-th.jpg', '/wcsstore/Coles-CAS/images/7/2/4/7246870_B-th.jpg']
Vaalia	Probiotics Banana Kids Yoghurt Pouch	$ 2 .20	140g	$1.57 per 100G	"Nutrition Facts
Serving size: 1 serving = 140g
Qty
Quantity
per serving Qty
Quantity
per 100g / 100ml %
Percentage
daily intake*
Energy 532kJ 380kJ
Not provided
Energy Cal 127Cal 91Cal
Not provided
Protein 6.6g 4.7g
Not provided
Total Fat 3.5g 2.5g
Not provided
Saturated Fat 2.5g 1.8g
Not provided
Carbohydrate 17.1g 12.2g
Not provided
Sugars 13.3g 9.5g
Not provided
Sodium 67mg 48mg
Not provided
Gluten NIL NIL
Not provided
*Percentage Daily Intake per serving. Percentage Daily Intakes are based on an average adult diet of 8700 kJ. Your daily intakes may be higher or lower depending on your energy needs.
Disclaimer:
Product details, including nutritional information and country of origin, may change from time to time and so the product you receive in your order may not reflect the information on this page. Please check the packaging on any product you purchase and if it's not what you expected, feel free to return it for a full refund.
Details
Ingredients:
Whole Milk, skim milk, banana puree (5.5%), sugar, milk solids, rice starch, gelatin, natural flavours, acidity regulators (330, 300), stabilisers (415), natural colour (160a), live yoghurt cultures (incl. L. acidophilus, Bifidobacterium, Lactobacillus GG).
Contains:
Milk
Allergen:
Contains Milk
Dietary:
No Preservatives
Servings Per Pack:
1.0
Storage Instructions:
To enjoy Vaalia at its best, please keep refrigerated between 1C- 5C.
Usage Instructions:
Ready to consume. Discard uneaten portion once opened.
Size:
140g
Warning:
Cap is not a toy and may present a choking hazard. Always supervise your child while eating.
Code: 8704346P
8 7 0 4 3 4 6 P
Customers also purchased
Vaalia Kids Strawberry Yoghurt Pouch 140g
Vaalia Kids Strawberry Yoghurt Pouch
140g
$2.20
140g $1.57 per 100G
Unit Price
Add
1
for $2.20

Vaalia Kids Tropical Yoghurt Pouch 140g
Vaalia Kids Tropical Yoghurt Pouch
140g
$2.20
140g $1.57 per 100G
Unit Price
Add
1
for $2.20

Vaalia Kids Pouch Yoghurt Blueberry 140g
Vaalia Kids Pouch Yoghurt Blueberry
140g
$2.20
140g $1.57 per 100G
Unit Price
Add
1
for $2.20

Vaalia Kids Yoghurt Pouch Limited Edition 140g
Vaalia Kids Yoghurt Pouch Limited Edition
140g
$2.20
140g $1.57 per 100G
Unit Price
Add
1
for $2.20"	['/wcsstore/Coles-CAS/images/8/7/0/8704346-th.jpg', '/wcsstore/Coles-CAS/images/8/7/0/8704346_B-th.jpg']
Chobani	Blueberry Yoghurt Pouch	$ 2 .50	140g	$1.79 per 100G	"Nutrition Facts
Serving size: 1 serving = 140g
Qty
Quantity
per serving Qty
Quantity
per 100g / 100ml %
Percentage
daily intake*
Energy 512kJ 365kJ
Not provided
Energy Cal 122Cal 87Cal
Not provided
Protein 10.9g 7.8g
Not provided
Total Fat 0.2g 0.2g
Not provided
Saturated Fat 0.1g 0.1g
Not provided
Carbohydrate 18.5g 13.2g
Not provided
Sugars 17.2g 12.3g
Not provided
Sodium 53mg 38mg
Not provided
Calcium 142mg 101mg
Not provided
*Percentage Daily Intake per serving. Percentage Daily Intakes are based on an average adult diet of 8700 kJ. Your daily intakes may be higher or lower depending on your energy needs.
Disclaimer:
Product details, including nutritional information and country of origin, may change from time to time and so the product you receive in your order may not reflect the information on this page. Please check the packaging on any product you purchase and if it's not what you expected, feel free to return it for a full refund.
Details
Ingredients:
Low Fat Yogurt (80%), Blueberry Blend (20%). Low Fat Yogurt (80%) [Skim Milk, Live Yogurt Cultures], Blueberry Blend (20%) [Sugar, Blueberry Puree (30%), Water, Vegetable Gums (Fruit Pectin, Locust Bean Gum), Natural Flavours, Acidity Regulators (Sodium Citrate, Lactic Acid), Mineral Salt (Calcium Citrate), Purple Carrot Concentrate].
Contains:
Milk
Allergen:
Contains Milk
Dietary:
Source of Calcium, No Preservatives, No Artificial Flavours or Colours
Servings Per Pack:
1.0
Storage Instructions:
Keep refrigerated at or below 4C.
Size:
140g
Code: 1434720P
1 4 3 4 7 2 0 P
Customers also purchased
Chobani Strawberry Yoghurt Pouch 140g
Chobani Strawberry Yoghurt Pouch
140g
$2.50
140g $1.79 per 100G
Unit Price
Add
1
for $2.50

Chobani Raspberry Yoghurt Pouch 140g
Chobani Raspberry Yoghurt Pouch
140g
$2.50
140g $1.79 per 100G
Unit Price
Add
1
for $2.50

Chobani Vanilla Yoghurt Pouch 140g
Chobani Vanilla Yoghurt Pouch
140g
$2.50
140g $1.79 per 100G
Unit Price
Add
1
for $2.50

Chobani Mango Greek Yogurt Pouch 140g
Chobani Mango Greek Yogurt Pouch
140g
$2.50
140g $1.79 per 100G
Unit Price
Add
1
for $2.50"	['/wcsstore/Coles-CAS/images/1/4/3/1434720-th.jpg', '/wcsstore/Coles-CAS/images/1/4/3/1434720_B-th.jpg']
Chobani	Raspberry Yoghurt Pouch	$ 2 .50	140g	$1.79 per 100G	"Nutrition Facts
Serving size: 1 serving = 140g
Qty
Quantity
per serving Qty
Quantity
per 100g / 100ml %
Percentage
daily intake*
Energy 485kJ 346kJ
Not provided
Energy Cal 116Cal 83Cal
Not provided
Protein 11.6g 8.3g
Not provided
Total Fat 0.3g 0.2g
Not provided
Saturated Fat 0.1g 0.1g
Not provided
Carbohydrate 16.1g 11.5g
Not provided
Sugars 15.0g 10.7g
Not provided
Sodium 47mg 33mg
Not provided
Calcium 150mg 107mg
Not provided
*Percentage Daily Intake per serving. Percentage Daily Intakes are based on an average adult diet of 8700 kJ. Your daily intakes may be higher or lower depending on your energy needs.
Disclaimer:
Product details, including nutritional information and country of origin, may change from time to time and so the product you receive in your order may not reflect the information on this page. Please check the packaging on any product you purchase and if it's not what you expected, feel free to return it for a full refund.
Details
Ingredients:
Low Fat Yogurt (85%), Raspberry Blend (15%). Low Fat Yogurt (85%) [Skim Milk, Live Yogurt Cultures], Raspberry Blend (15%) [Sugar, Raspberry (27%), Water, Vegetable Gums (Fruit Pectin, Locust Bean Gum), Natural Flavours, Acidity Regulator (Citric Acid, Sodium Citrate), Mineral Salt (Calcium Citrate), Purple Carrot Concentrate].
Contains:
Milk
Allergen:
Contains Milk
Dietary:
Source of Calcium, No Preservatives, No Artificial Flavours or Colours
Servings Per Pack:
1.0
Storage Instructions:
Keep refrigerated at or below 4C.
Size:
140g
Code: 1872885P
1 8 7 2 8 8 5 P
Customers also purchased
Chobani Blueberry Yoghurt Pouch 140g
Chobani Blueberry Yoghurt Pouch
140g
$2.50
140g $1.79 per 100G
Unit Price
Add
1
for $2.50

Chobani Strawberry Yoghurt Pouch 140g
Chobani Strawberry Yoghurt Pouch
140g
$2.50
140g $1.79 per 100G
Unit Price
Add
1
for $2.50

Chobani Vanilla Yoghurt Pouch 140g
Chobani Vanilla Yoghurt Pouch
140g
$2.50
140g $1.79 per 100G
Unit Price
Add
1
for $2.50

Chobani Mango Greek Yogurt Pouch 140g
Chobani Mango Greek Yogurt Pouch
140g
$2.50
140g $1.79 per 100G
Unit Price
Add
1
for $2.50"	['/wcsstore/Coles-CAS/images/1/8/7/1872885-th.jpg', '/wcsstore/Coles-CAS/images/1/8/7/1872885_B-th.jpg']
Vaalia	Kids Pouch Yoghurt Blueberry	$ 2 .20	140g	$1.57 per 100G	"Nutrition Facts
Serving size: 1 serving = 140g
Qty
Quantity
per serving Qty
Quantity
per 100g / 100ml %
Percentage
daily intake*
Energy 559kJ 399kJ
Not provided
Energy Cal 134Cal 95Cal
Not provided
Protein 6.6g 4.7g
Not provided
Total Fat 3.6g 2.6g
Not provided
Saturated Fat 2.4g 1.7g
Not provided
Carbohydrate 18.3g 13.1g
Not provided
Sugars 14.1g 10.1g
Not provided
Sodium 81mg 58mg
Not provided
Gluten NIL NIL
Not provided
Vitamin B12 0.43ug 0.31ug 21% RDI*
Calcium 227mg 162mg 28% RDI*
*Percentage Daily Intake per serving. Percentage Daily Intakes are based on an average adult diet of 8700 kJ. Your daily intakes may be higher or lower depending on your energy needs.
Disclaimer:
Product details, including nutritional information and country of origin, may change from time to time and so the product you receive in your order may not reflect the information on this page. Please check the packaging on any product you purchase and if it's not what you expected, feel free to return it for a full refund.
Details
Ingredients:
Whole Milk, skim milk, sugar, milk solids, blueberry puree (2.5%), rice starch, gelatin, natural flavours, acidity regulators (331, 330), live yoghurt cultures (incl. L. acidophilus, Bifidobacterium, Lactobacillus GG).
Contains:
Milk
Allergen:
Contains Milk
Dietary:
No Preservatives
Servings Per Pack:
1.0
Storage Instructions:
To enjoy Vaalia at its best, please keep refrigerated between 1C- 5C.
Usage Instructions:
Ready to consume. Discard uneaten portion once opened.
Size:
140g
Warning:
Cap is not a toy and may present a choking hazard. Always supervise your child while eating.
Code: 3537881P
3 5 3 7 8 8 1 P
Customers also purchased
Vaalia Probiotics Banana Kids Yoghurt Pouch 140g
Vaalia Probiotics Banana Kids Yoghurt Pouch
140g
$2.20
140g $1.57 per 100G
Unit Price
Add
1
for $2.20

Vaalia Kids Strawberry Yoghurt Pouch 140g
Vaalia Kids Strawberry Yoghurt Pouch
140g
$2.20
140g $1.57 per 100G
Unit Price
Add
1
for $2.20

Vaalia Kids Tropical Yoghurt Pouch 140g
Vaalia Kids Tropical Yoghurt Pouch
140g
$2.20
140g $1.57 per 100G
Unit Price
Add
1
for $2.20

Vaalia Kids Yoghurt Pouch Limited Edition 140g
Vaalia Kids Yoghurt Pouch Limited Edition
140g
$2.20
140g $1.57 per 100G
Unit Price
Add
1
for $2.20"	['/wcsstore/Coles-CAS/images/3/5/3/3537881-th.jpg', '/wcsstore/Coles-CAS/images/3/5/3/3537881_B-th.jpg']
Vaalia	Kids Lactose Free Strawberry Yoghurt	$ 2 .20	140g	$1.57 per 100G	"Nutrition Facts
Serving size: 1 serving = 140g
Qty
Quantity
per serving Qty
Quantity
per 100g / 100ml %
Percentage
daily intake*
Energy 517kJ 369kJ
Not provided
Energy Cal 124Cal 88Cal
Not provided
Protein 6.3g 4.5g
Not provided
Total Fat 3.4g 2.4g
Not provided
Saturated Fat 2.4g 1.7g
Not provided
Carbohydrate 16.5g 11.8g
Not provided
Sugars 12.6g 9.0g
Not provided
Dietary Fibre Total 0.7g 0.5g
Not provided
Sodium 78mg 56mg
Not provided
Galactose 3.0g 3.0g
Not provided
Gluten NIL NIL
Not provided
Lactose NIL NIL
Not provided
Vitamin B12 0.25ug 0.18ug 13% RDI*
Calcium 216mg 154mg 27% RDI*
*Percentage Daily Intake per serving. Percentage Daily Intakes are based on an average adult diet of 8700 kJ. Your daily intakes may be higher or lower depending on your energy needs.
Disclaimer:
Product details, including nutritional information and country of origin, may change from time to time and so the product you receive in your order may not reflect the information on this page. Please check the packaging on any product you purchase and if it's not what you expected, feel free to return it for a full refund.
Details
Ingredients:
Whole Milk, skim milk, sugar, milk solids, strawberry pulp (3.5%), rice starch, gelatin, natural flavours, acidity regulators (331, 330), enzyme (lactase), live yoghurt cultures (incl. L. acidophilus, Bifidobacterium, Lactobacillus GG).
Contains:
Milk
Allergen:
Contains Milk
Dietary:
No Preservatives
Servings Per Pack:
1.0
Storage Instructions:
To enjoy Vaalia at its best, please keep refrigerated between 1C- 5C.
Usage Instructions:
Ready to consume. Discard uneaten portion once opened.
Size:
140g
Warning:
Cap is not a toy and may present a choking hazard. Always supervise your child while eating.
Code: 1495259P
1 4 9 5 2 5 9 P
Customers also purchased
Vaalia Probiotics Banana Kids Yoghurt Pouch 140g
Vaalia Probiotics Banana Kids Yoghurt Pouch
140g
$2.20
140g $1.57 per 100G
Unit Price
Add
1
for $2.20

Vaalia Kids Tropical Yoghurt Pouch 140g
Vaalia Kids Tropical Yoghurt Pouch
140g
$2.20
140g $1.57 per 100G
Unit Price
Add
1
for $2.20

Vaalia Kids Lactose Free Vanilla Yoghurt Pouch 140g
Vaalia Kids Lactose Free Vanilla Yoghurt Pouch
140g
$2.20
140g $1.57 per 100G
Unit Price
Add
1
for $2.20

Vaalia Kids Pouch Yoghurt Blueberry 140g
Vaalia Kids Pouch Yoghurt Blueberry
140g
$2.20
140g $1.57 per 100G
Unit Price
Add
1
for $2.20"	['/wcsstore/Coles-CAS/images/1/4/9/1495259-th.jpg', '/wcsstore/Coles-CAS/images/1/4/9/1495259_R-th.jpg']
Farmers Union	Greek Style Yoghurt	$ 2 .00	130g	$1.54 per 100G	"Nutrition Facts
Serving size: 1 serving = 130g
Qty
Quantity
per serving Qty
Quantity
per 100g / 100ml %
Percentage
daily intake*
Energy 426kJ 328kJ
Not provided
Energy Cal 101Cal 78Cal
Not provided
Protein 7.2g 5.5g
Not provided
Total Fat 4.3g 3.3g
Not provided
Saturated Fat 2.8g 2.1g
Not provided
Carbohydrate 8.6g 6.6g
Not provided
Sugars 8.6g 6.6g
Not provided
Sodium 72mg 55mg
Not provided
Gluten 0 0
Not provided
Calcium 255mg 196mg 32% RDI
*Percentage Daily Intake per serving. Percentage Daily Intakes are based on an average adult diet of 8700 kJ. Your daily intakes may be higher or lower depending on your energy needs.
Disclaimer:
Product details, including nutritional information and country of origin, may change from time to time and so the product you receive in your order may not reflect the information on this page. Please check the packaging on any product you purchase and if it's not what you expected, feel free to return it for a full refund.
Details
Ingredients:
Milk, Milk Solids, Cream (Milk), Probiotic Cultures (Milk): B. lactis (BB-12), Yoghurt Cultures (Milk): S. Thermophilus, L. Bulgaricus
Contains:
Milk
Allergen:
Contains Milk, May Be Present Dairy
Dietary:
No Added Sugars
Servings Per Pack:
1.0
Storage Instructions:
Refrigerate below 4C
Usage Instructions:
Blend into a smoothie, squeeze onto your meal to add creaminess or enjoy on its own!
Size:
130g
Code: 3087071P
3 0 8 7 0 7 1 P
Customers also purchased
Farmers Union Greek Style Mango Yoghurt Pouch 130g
Farmers Union Greek Style Mango Yoghurt Pouch
130g
$2.00
130g $1.54 per 100G
Unit Price
Add
1
for $2.00

Farmers Union Greek Style Strawberry Yoghurt Pouch 130g
Farmers Union Greek Style Strawberry Yoghurt Pouch
130g
$2.00
130g $1.54 per 100G
Unit Price
Add
1
for $2.00

Farmers Union Greek Style Passionfruit Yoghurt Pouch 130g
Farmers Union Greek Style Passionfruit Yoghurt Pouch
130g
$2.00
130g $1.54 per 100G
Unit Price
Add
1
for $2.00

Farmers Union Yoghurt Peach 130g 130g
Farmers Union Yoghurt Peach 130g
130g
$2.00
130g $1.54 per 100G
Unit Price
Add
1
for $2.00"	['/wcsstore/Coles-CAS/images/3/0/8/3087071-th.jpg', '/wcsstore/Coles-CAS/images/3/0/8/3087071_B-th.jpg']
Pauls	Kids Yoghurt Strawberry Red	$ 1 .20	70g	$1.71 per 100G	"Nutrition Facts
Serving size: 1 serving = 70g
Qty
Quantity
per serving Qty
Quantity
per 100g / 100ml %
Percentage
daily intake*
Energy 262kJ 373kJ
Not provided
Energy Cal 63Cal 89Cal
Not provided
Protein 2.8g 4.0g
Not provided
Total Fat 2.1g 3.0g
Not provided
Saturated Fat 1.3g 1.9g
Not provided
Carbohydrate 7.4g 10.5g
Not provided
Sugars 5.5g 7.8g
Not provided
Sodium 22mg 32mg
Not provided
Gluten Nil Nil
Not provided
Vitamin D 0.6ug (12% RDI*) 0.9ug
Not provided
Calcium 173mg(25% RDI*) 247mg
Not provided
*Percentage Daily Intake per serving. Percentage Daily Intakes are based on an average adult diet of 8700 kJ. Your daily intakes may be higher or lower depending on your energy needs.
Disclaimer:
Product details, including nutritional information and country of origin, may change from time to time and so the product you receive in your order may not reflect the information on this page. Please check the packaging on any product you purchase and if it's not what you expected, feel free to return it for a full refund.
Details
Ingredients:
Milk, Sugar, Strawberry Pulp (5.6%), Milk Solids, Thickener (1442), Maltodextrin (from Tapioca), Calcium Phosphate, Reconstituted Elderberry Juice, Stabiliser (440, 410), Natural flavours, Acidity regulators (330, 331, 509), Live cultures (Including Bifidobacterium), Vitamin D.
Contains:
Active Cultures and Milk.
Allergen:
Contains Milk
Dietary:
No Preservatives, No Artificial Flavours or Colours
Servings Per Pack:
1.0
Storage Instructions:
Keep refrigerated at or below 4C.
Suitable for:
12+ months.
Size:
70g
Warning:
Cap is not a toy and may present a choking hazard. Always supervise your child while eating.
Code: 3992786P
3 9 9 2 7 8 6 P
Customers also purchased
Pauls Kids Vanilla Yoghurt 70g
Pauls Kids Vanilla Yoghurt
70g
$1.20
70g $1.71 per 100G
Unit Price
Add
1
for $1.20

Pauls Kids Yoghurt Strawberry Pink 70g
Pauls Kids Yoghurt Strawberry Pink
70g
$1.20
70g $1.71 per 100G
Unit Price
Add
1
for $1.20

Pauls Kids Yoghurt Banana 70g
Pauls Kids Yoghurt Banana
70g
$1.20
70g $1.71 per 100G
Unit Price
Add
1
for $1.20

Pauls Kids Yoghurt Limited Edition 70g
Pauls Kids Yoghurt Limited Edition
70g
$1.20
70g $1.71 per 100G
Unit Price
Add
1
for $1.20"	['/wcsstore/Coles-CAS/images/3/9/9/3992786-th.jpg', '/wcsstore/Coles-CAS/images/3/9/9/3992786_B-th.jpg']
Vaalia	Kids Lactose Free Vanilla Yoghurt Pouch	$ 2 .20	140g	$1.57 per 100G	"Nutrition Facts
Serving size: 1 serving = 140g
Qty
Quantity
per serving Qty
Quantity
per 100g / 100ml %
Percentage
daily intake*
Energy 529kJ 378kJ
Not provided
Energy Cal 127Cal 378kJ
Not provided
Protein 6.4g 4.6g
Not provided
Total Fat 3.5g 2.5g
Not provided
Saturated Fat 2.4g 1.7g
Not provided
Carbohydrate 17.2g 12.3g
Not provided
Sugars 13.2g 9.4g
Not provided
Dietary Fibre Total 0.0g 0.0g
Not provided
Sodium 77mg 55mg
Not provided
Galactose 4.2g 3.0g
Not provided
Gluten NIL NIL
Not provided
Lactose NIL NIL
Not provided
Vitamin B12 0.27ug 0.19ug 13% RDI*
Calcium 218mg 156mg 27% RDI*
*Percentage Daily Intake per serving. Percentage Daily Intakes are based on an average adult diet of 8700 kJ. Your daily intakes may be higher or lower depending on your energy needs.
Disclaimer:
Product details, including nutritional information and country of origin, may change from time to time and so the product you receive in your order may not reflect the information on this page. Please check the packaging on any product you purchase and if it's not what you expected, feel free to return it for a full refund.
Details
Ingredients:
Whole Milk, skim milk, water, sugar, milk solids, rice starch, gelatin, natural flavours, acidity regulators (330, 331), enzyme (lactase), live yoghurt (incl. L. acidophilus, Bifidobacterium, Lactobacillus GG).
Contains:
Milk
Allergen:
Contains Milk
Dietary:
No Preservatives
Servings Per Pack:
1.0
Storage Instructions:
To enjoy Vaalia at its best, please keep refrigerated between 1C- 5C.
Usage Instructions:
Ready to consume. Discard uneaten portion once opened.
Size:
140g
Warning:
Cap is not a toy and may present a choking hazard. Always supervise your child while eating.
Code: 1199245P
1 1 9 9 2 4 5 P
Customers also purchased
Vaalia Probiotics Banana Kids Yoghurt Pouch 140g
Vaalia Probiotics Banana Kids Yoghurt Pouch
140g
$2.20
140g $1.57 per 100G
Unit Price
Add
1
for $2.20

Vaalia Kids Tropical Yoghurt Pouch 140g
Vaalia Kids Tropical Yoghurt Pouch
140g
$2.20
140g $1.57 per 100G
Unit Price
Add
1
for $2.20

Vaalia Kids Lactose Free Strawberry Yoghurt 140g
Vaalia Kids Lactose Free Strawberry Yoghurt
140g
$2.20
140g $1.57 per 100G
Unit Price
Add
1
for $2.20

Vaalia Kids Pouch Yoghurt Blueberry 140g
Vaalia Kids Pouch Yoghurt Blueberry
140g
$2.20
140g $1.57 per 100G
Unit Price
Add
1
for $2.20"	['/wcsstore/Coles-CAS/images/1/1/9/1199245-th.jpg', '/wcsstore/Coles-CAS/images/1/1/9/1199245_B-th.jpg']
Chobani	Vanilla Yoghurt Pouch	$ 2 .50	140g	$1.79 per 100G	"Nutrition Facts
Serving size: 1 serving = 140g
Qty
Quantity
per serving Qty
Quantity
per 100g / 100ml %
Percentage
daily intake*
Energy 488kJ 348kJ
Not provided
Energy Cal 117Cal 83Cal
Not provided
Protein 12.0g 8.5g
Not provided
Total Fat 0.3g 0.2g
Not provided
Saturated Fat 0.1g 0.1g
Not provided
Carbohydrate 16.2g 11.5g
Not provided
Sugars 14.6g 10.4g
Not provided
Sodium 44mg 31mg
Not provided
Calcium 148mg 106mg
Not provided
*Percentage Daily Intake per serving. Percentage Daily Intakes are based on an average adult diet of 8700 kJ. Your daily intakes may be higher or lower depending on your energy needs.
Disclaimer:
Product details, including nutritional information and country of origin, may change from time to time and so the product you receive in your order may not reflect the information on this page. Please check the packaging on any product you purchase and if it's not what you expected, feel free to return it for a full refund.
Details
Ingredients:
Low Fat Yogurt (88%), Vanilla Flavoured Blend (12%). Low Fat Yogurt (88%) [Skim Milk, Live Yogurt Cultures], Vanilla Flavoured Blend (12%) [Sugar, Water, Natural Flavour, Vegetable Gums (Fruit Pectin, Locust Bean Gum), Lemon Juice Concentrate, Vanilla Extract, Mineral Salt (Calcium Citrate)].
Contains:
Milk
Allergen:
Contains Milk
Dietary:
Source of Calcium, No Preservatives, No Artificial Flavours or Colours
Servings Per Pack:
1.0
Storage Instructions:
Keep refrigerated at or below 4C.
Size:
140g
Code: 3088110P
3 0 8 8 1 1 0 P
Customers also purchased
Chobani Blueberry Yoghurt Pouch 140g
Chobani Blueberry Yoghurt Pouch
140g
$2.50
140g $1.79 per 100G
Unit Price
Add
1
for $2.50

Chobani Strawberry Yoghurt Pouch 140g
Chobani Strawberry Yoghurt Pouch
140g
$2.50
140g $1.79 per 100G
Unit Price
Add
1
for $2.50

Chobani Raspberry Yoghurt Pouch 140g
Chobani Raspberry Yoghurt Pouch
140g
$2.50
140g $1.79 per 100G
Unit Price
Add
1
for $2.50

Chobani Mango Greek Yogurt Pouch 140g
Chobani Mango Greek Yogurt Pouch
140g
$2.50
140g $1.79 per 100G
Unit Price
Add
1
for $2.50"	['/wcsstore/Coles-CAS/images/3/0/8/3088110-th.jpg', '/wcsstore/Coles-CAS/images/3/0/8/3088110_B-th.jpg']
Jalna	Pouch Of Purity Organic Yoghurt Tropical	$ 1 .95	100g	$1.95 per 100G	"Nutrition Facts
Serving size: 1 serving = 100g
Qty
Quantity
per serving Qty
Quantity
per 100g / 100ml %
Percentage
daily intake*
Energy 372kJ 372kJ
Not provided
Protein 4.2g 4.2g
Not provided
Total Fat 5g 5g
Not provided
Saturated Fat 3.5g 3.5g
Not provided
Carbohydrate 6.4g 6.4g
Not provided
Sugars 4.5g 4.5g
Not provided
Sodium 43mg 43mg
Not provided
Gluten Undetected Undetected
Not provided
Calcium 162mg 162mg 20%
*Percentage Daily Intake per serving. Percentage Daily Intakes are based on an average adult diet of 8700 kJ. Your daily intakes may be higher or lower depending on your energy needs.
Disclaimer:
Product details, including nutritional information and country of origin, may change from time to time and so the product you receive in your order may not reflect the information on this page. Please check the packaging on any product you purchase and if it's not what you expected, feel free to return it for a full refund.
Details
Ingredients:
Pasteurised Organic Whole Milk, Non-Organic Milk Solids ( 1 Billion Probiotic Count Per 100g
Allergen:
Free From Gluten, Contains Milk
Environmental:
Australian Made and Owned, Recyclable
Dietary:
No Added Sugars, No Preservatives, No Artificial Flavours or Colours
Servings Per Pack:
1.0
Storage Instructions:
Keep Refrigerated. Ready to Eat
Dimensions:
165 x 77 x 40mm
Usage Instructions:
Servings Per Pack: 1, Serving Size: 100g
Warning:
WARNING CHOKING HAZARD: KEEP CAP OUT OF REACH OF INFANTS AND CHILDREN UNDER THE AGE OF 3.
Code: 5312496P
5 3 1 2 4 9 6 P
Customers also purchased
Jalna Pouch Of Purity Organic Blueberry Yoghurt 100g
Jalna Pouch Of Purity Organic Blueberry Yoghurt
100g
$1.95
100g $1.95 per 100G
Unit Price
Add
1
for $1.95

Jalna Pouch Of Purity Organic Strawberry Yoghurt 100g
Jalna Pouch Of Purity Organic Strawberry Yoghurt
100g
$1.95
100g $1.95 per 100G
Unit Price
Add
1
for $1.95

Jalna Pouch Of Purity Organic Vanilla Yoghurt 100g
Jalna Pouch Of Purity Organic Vanilla Yoghurt
100g
$1.95
100g $1.95 per 100G
Unit Price
Add
1
for $1.95

Yoplait Petit Miam Yoghurt Vanilla Apple 70g
Yoplait Petit Miam Yoghurt Vanilla Apple
70g
$1.00
70g $1.43 per 100G
Unit Price
Add
1
for $1.00"	['/wcsstore/Coles-CAS/images/5/3/1/5312496-th.jpg', '/wcsstore/Coles-CAS/images/5/3/1/5312496_B-th.jpg']
Pauls	Kids Yoghurt Limited Edition	$ 1 .20	70g	$1.71 per 100G	"Nutrition Facts
Serving size: 1 serving = 70g
Qty
Quantity
per serving Qty
Quantity
per 100g / 100ml %
Percentage
daily intake*
Energy 265kJ 379kJ
Not provided
Energy Cal 63Cal 90Cal
Not provided
Protein 2.8g 4.0g
Not provided
Total Fat 2.2g 3.1g
Not provided
Saturated Fat 1.4g 2.0g
Not provided
Carbohydrate 8.1g 11.6g
Not provided
Sugars 6.4g 9.2g
Not provided
Sodium 30mg 44mg
Not provided
Gluten Nil Nil
Not provided
Vitamin D 0.5ug (10% RDI*) 0.7ug
Not provided
Calcium 207mg (29% RDI*) 296mg
Not provided
*Percentage Daily Intake per serving. Percentage Daily Intakes are based on an average adult diet of 8700 kJ. Your daily intakes may be higher or lower depending on your energy needs.
Disclaimer:
Product details, including nutritional information and country of origin, may change from time to time and so the product you receive in your order may not reflect the information on this page. Please check the packaging on any product you purchase and if it's not what you expected, feel free to return it for a full refund.
Details
Ingredients:
Milk, Sugar, Milk Solids, Thickener (1442, from Tapioca), Maltodextrin, Calcium Phosphate, Pectin, Stabiliser (440), Natural Flavours, Acidity Regulators (330, 331), Live Cultures (Incl. Bifidobacterium), Vitamin D.
Contains:
Milk
Allergen:
Contains Milk
Dietary:
No Preservatives
Servings Per Pack:
1.0
Storage Instructions:
Keep refrigerated at or below 4C.
Suitable for:
For 12+ months.
Size:
70g
Warning:
Cap is not a toy and may present a choking hazard. Always supervise your child while eating.
Code: 4348374P
4 3 4 8 3 7 4 P
Customers also purchased
Pauls Kids Vanilla Yoghurt 70g
Pauls Kids Vanilla Yoghurt
70g
$1.20
70g $1.71 per 100G
Unit Price
Add
1
for $1.20

Pauls Kids Yoghurt Strawberry Red 70g
Pauls Kids Yoghurt Strawberry Red
70g
$1.20
70g $1.71 per 100G
Unit Price
Add
1
for $1.20

Pauls Kids Yoghurt Strawberry Pink 70g
Pauls Kids Yoghurt Strawberry Pink
70g
$1.20
70g $1.71 per 100G
Unit Price
Add
1
for $1.20

Pauls Kids Yoghurt Banana 70g
Pauls Kids Yoghurt Banana
70g
$1.20
70g $1.71 per 100G
Unit Price
Add
1
for $1.20"	['/wcsstore/Coles-CAS/images/4/3/4/4348374-th.jpg', '/wcsstore/Coles-CAS/images/4/3/4/4348374_L-th.jpg', '/wcsstore/Coles-CAS/images/4/3/4/4348374_R-th.jpg', '/wcsstore/Coles-CAS/images/4/3/4/4348374_B-th.jpg']
YoPro	Yoghurt Pouch Vanilla	$ 2 .20	150g	$1.47 per 100G	"Nutrition Facts
Serving size: 1 serving = 150g
Qty
Quantity
per serving Qty
Quantity
per 100g / 100ml %
Percentage
daily intake*
Energy 390kJ 260kJ
Not provided
Energy Cal 93Cal 62Cal
Not provided
Protein 15.0g 10g
Not provided
Total Fat 0.5g 0.3g
Not provided
Saturated Fat 0.3g 0.2g
Not provided
Carbohydrate 6.9g 4.6g
Not provided
Sugars 6.3g 4.2g
Not provided
Dietary Fibre Total
Not provided
0g
Not provided
Sodium 63mg 42g
Not provided
Calcium 185mg 123mg
Not provided
*Percentage Daily Intake per serving. Percentage Daily Intakes are based on an average adult diet of 8700 kJ. Your daily intakes may be higher or lower depending on your energy needs.
Disclaimer:
Product details, including nutritional information and country of origin, may change from time to time and so the product you receive in your order may not reflect the information on this page. Please check the packaging on any product you purchase and if it's not what you expected, feel free to return it for a full refund.
Details
Ingredients:
Skim milk, rice starch, natural flavour, lemon pulp, enzyme (lactase), live yoghurt cultures, stevia leaf extract, sea salt, vanilla bean (0.01%), milk minerals.
Contains:
Milk
Allergen:
Contains Milk
Dietary:
No Added Sugars, No Preservatives, No Artificial Flavours or Colours
Servings Per Pack:
1.0
Storage Instructions:
Keep refrigerated at or below 4C.
Suitable for:
Vegetarian
Usage Instructions:
Servings per pouch: 1 (unit), Serving size 150g
Size:
150g
Code: 4346222P
4 3 4 6 2 2 2 P
Customers also purchased
YoPro Yoghurt Pouch Strawberry 150g on special
YoPro Yoghurt Pouch Strawberry
150g on special
$2.20
save
$0.50
150g $1.47 per 100G
Unit Price
Add
1
for $2.20

YoPro Yoghurt Pouch Banana 150g on special
YoPro Yoghurt Pouch Banana
150g on special
$2.20
save
$0.50
150g $1.47 per 100G
Unit Price
Add
1
for $2.20"	['/wcsstore/Coles-CAS/images/4/3/4/4346222-th.jpg', '/wcsstore/Coles-CAS/images/4/3/4/4346222_L-th.jpg', '/wcsstore/Coles-CAS/images/4/3/4/4346222_B-th.jpg']
Pauls	Kids Yoghurt Banana	$ 1 .20	70g	$1.71 per 100G	"Nutrition Facts
Serving size: 1 serving = 70g
Qty
Quantity
per serving Qty
Quantity
per 100g / 100ml %
Percentage
daily intake*
Energy 252kJ 359kJ
Not provided
Energy Cal 60Cal 86Cal
Not provided
Protein 2.9g 4.1g
Not provided
Total Fat 2.1g 3.0g
Not provided
Saturated Fat 1.4g 2.0g
Not provided
Carbohydrate 6.8g 9.7g
Not provided
Sugars 4.8g 6.9g
Not provided
Sodium 22mg 32mg
Not provided
Gluten Nil Nil
Not provided
Vitamin D 0.6ug (12% RDI)* 0.9ug
Not provided
Calcium 174mg (25% RDI*) 247mg
Not provided
*Percentage Daily Intake per serving. Percentage Daily Intakes are based on an average adult diet of 8700 kJ. Your daily intakes may be higher or lower depending on your energy needs.
Disclaimer:
Product details, including nutritional information and country of origin, may change from time to time and so the product you receive in your order may not reflect the information on this page. Please check the packaging on any product you purchase and if it's not what you expected, feel free to return it for a full refund.
Details
Ingredients:
Milk, Banana Puree (5.1%), Sugar, Milk Solids, Thickener (1442), Maltodextrin (from Tapioca), Calcium Phosphate, Stabiliser (440, 410), Acidity regulators (330, 331, 509), Natural flavours, Live cultures (Including Bifidobacterium), Vitamin D.
Contains:
Milk
Allergen:
Contains Milk
Dietary:
No Preservatives, No Artificial Flavours or Colours
Servings Per Pack:
1.0
Storage Instructions:
Keep refrigerated at or below 4C.
Suitable for:
12+ months
Size:
70g
Warning:
Cap is not a toy and may present a choking hazard. Always supervise your child while eating.
Code: 4348385P
4 3 4 8 3 8 5 P
Customers also purchased
Pauls Kids Vanilla Yoghurt 70g
Pauls Kids Vanilla Yoghurt
70g
$1.20
70g $1.71 per 100G
Unit Price
Add
1
for $1.20

Pauls Kids Yoghurt Strawberry Red 70g
Pauls Kids Yoghurt Strawberry Red
70g
$1.20
70g $1.71 per 100G
Unit Price
Add
1
for $1.20

Pauls Kids Yoghurt Strawberry Pink 70g
Pauls Kids Yoghurt Strawberry Pink
70g
$1.20
70g $1.71 per 100G
Unit Price
Add
1
for $1.20

Pauls Kids Yoghurt Limited Edition 70g
Pauls Kids Yoghurt Limited Edition
70g
$1.20
70g $1.71 per 100G
Unit Price
Add
1
for $1.20"	['/wcsstore/Coles-CAS/images/4/3/4/4348385-th.jpg', '/wcsstore/Coles-CAS/images/4/3/4/4348385_B-th.jpg']
Vaalia	Kids Yoghurt Pouch Limited Edition	$ 2 .20	140g	$1.57 per 100G	"Nutrition Facts
Serving size: 1 serving = 140g
Qty
Quantity
per serving Qty
Quantity
per 100g / 100ml %
Percentage
daily intake*
Energy 511kJ 365kJ
Not provided
Energy Cal 122Cal 87Cal
Not provided
Protein 6.7g 4.8g
Not provided
Total Fat 3.5g 2.5g
Not provided
Saturated Fat 2.3g 1.7g
Not provided
Carbohydrate 15.8g 11.3g
Not provided
Sugars 13.8g 9.9g
Not provided
Sodium 66mg 47mg
Not provided
Gluten NIL NIL
Not provided
Vitamin B12 0.37ug 0.26ug
Not provided
Calcium 236mg 168mg
Not provided
*Percentage Daily Intake per serving. Percentage Daily Intakes are based on an average adult diet of 8700 kJ. Your daily intakes may be higher or lower depending on your energy needs.
Disclaimer:
Product details, including nutritional information and country of origin, may change from time to time and so the product you receive in your order may not reflect the information on this page. Please check the packaging on any product you purchase and if it's not what you expected, feel free to return it for a full refund.
Details
Ingredients:
Milk, Skim Milk, Sugar, Milk Solids, Watermelon Juice (3%), Rice Starch, Natural Flavours, Gelatine, Natural Colour (Black Carrot Concentrate, Paprika Extract), Enzyme (Lactase), Live Yoghurt Cultures (incl L. acidophilus, Bifidobacterium, Lactobacillus GG).
Contains:
Milk
Allergen:
Contains Milk
Dietary:
Source of Calcium, No Preservatives, No Artificial Flavours or Colours
Servings Per Pack:
1.0
Storage Instructions:
To enjoy Vaalia at its best, please keep refrigerated between 1C - 5C.
Suitable for:
Suitable for children 12+ months.
Usage Instructions:
Ready to consume. Discard uneaten portion once opened.
Size:
140g
Warning:
Warning: Cap is not a toy and may present a choking hazard. Always supervise your child while eating.
Code: 4343790P
4 3 4 3 7 9 0 P
Customers also purchased
Vaalia Probiotics Banana Kids Yoghurt Pouch 140g
Vaalia Probiotics Banana Kids Yoghurt Pouch
140g
$2.20
140g $1.57 per 100G
Unit Price
Add
1
for $2.20

Vaalia Kids Strawberry Yoghurt Pouch 140g
Vaalia Kids Strawberry Yoghurt Pouch
140g
$2.20
140g $1.57 per 100G
Unit Price
Add
1
for $2.20

Vaalia Kids Tropical Yoghurt Pouch 140g
Vaalia Kids Tropical Yoghurt Pouch
140g
$2.20
140g $1.57 per 100G
Unit Price
Add
1
for $2.20

Vaalia Kids Pouch Yoghurt Blueberry 140g
Vaalia Kids Pouch Yoghurt Blueberry
140g
$2.20
140g $1.57 per 100G
Unit Price
Add
1
for $2.20"	['/wcsstore/Coles-CAS/images/4/3/4/4343790-th.jpg', '/wcsstore/Coles-CAS/images/4/3/4/4343790_B-th.jpg']
YoPro	Yoghurt Pouch Strawberry	$ 2 .20	150g	$1.47 per 100G	"Nutrition Facts
Serving size: 1 serving = 150g
Qty
Quantity
per serving Qty
Quantity
per 100g / 100ml %
Percentage
daily intake*
Energy 392kJ 261kJ
Not provided
Energy Cal 94Cal 62Cal
Not provided
Protein 15.0g 10g
Not provided
Total Fat 0.5g 0.3g
Not provided
Saturated Fat 0.3g 0.2g
Not provided
Carbohydrate 7.1g 4.7g
Not provided
Sugars 6.5g 4.3g
Not provided
Dietary Fibre Total
Not provided
0g
Not provided
Sodium 60mg 40mg
Not provided
Calcium 185mg 123mg
Not provided
*Percentage Daily Intake per serving. Percentage Daily Intakes are based on an average adult diet of 8700 kJ. Your daily intakes may be higher or lower depending on your energy needs.
Disclaimer:
Product details, including nutritional information and country of origin, may change from time to time and so the product you receive in your order may not reflect the information on this page. Please check the packaging on any product you purchase and if it's not what you expected, feel free to return it for a full refund.
Details
Ingredients:
Skim milk, strawberry puree (2%), rice starch, natural flavours, black carrot and blackcurrant concentrate, enzyme (lactase), live yoghurt cultures, stevia leaf extract, sea salt, lemon pulp.
Contains:
Milk
Allergen:
Contains Milk
Dietary:
No Added Sugars, No Preservatives, No Artificial Flavours or Colours
Servings Per Pack:
1.0
Storage Instructions:
Keep refrigerated at or below 4C.
Suitable for:
Vegetarian
Usage Instructions:
Servings per pouch: 1 (unit), Serving size 150g
Size:
150g
Code: 4346244P
4 3 4 6 2 4 4 P
Customers also purchased
YoPro Yoghurt Pouch Vanilla 150g on special
YoPro Yoghurt Pouch Vanilla
150g on special
$2.20
save
$0.50
150g $1.47 per 100G
Unit Price
Add
1
for $2.20

YoPro Yoghurt Pouch Banana 150g on special
YoPro Yoghurt Pouch Banana
150g on special
$2.20
save
$0.50
150g $1.47 per 100G
Unit Price
Add
1
for $2.20"	['/wcsstore/Coles-CAS/images/4/3/4/4346244-th.jpg', '/wcsstore/Coles-CAS/images/4/3/4/4346244_L-th.jpg', '/wcsstore/Coles-CAS/images/4/3/4/4346244_R-th.jpg', '/wcsstore/Coles-CAS/images/4/3/4/4346244_B-th.jpg']
YoPro	Yoghurt Pouch Banana	$ 2 .20	150g	$1.47 per 100G	"Nutrition Facts
Serving size: 1 serving = 150g
Qty
Quantity
per serving Qty
Quantity
per 100g / 100ml %
Percentage
daily intake*
Energy 399kJ 266kJ
Not provided
Energy Cal 95Cal 63Cal
Not provided
Protein 15.0g 10g
Not provided
Total Fat 0.5g 0.3g
Not provided
Saturated Fat 0.3g 0.2g
Not provided
Carbohydrate 7.4g 4.9g
Not provided
Sugars 6.9g 4.6g
Not provided
Dietary Fibre Total
Not provided
0g
Not provided
Sodium 60mg 40mg
Not provided
Calcium 185mg 123mg
Not provided
*Percentage Daily Intake per serving. Percentage Daily Intakes are based on an average adult diet of 8700 kJ. Your daily intakes may be higher or lower depending on your energy needs.
Disclaimer:
Product details, including nutritional information and country of origin, may change from time to time and so the product you receive in your order may not reflect the information on this page. Please check the packaging on any product you purchase and if it's not what you expected, feel free to return it for a full refund.
Details
Ingredients:
Skim milk, banana puree (2%), rice starch, lemon pulp, natural flavour, enzyme (lactase), live yoghurt cultures, stevia leaf extract, sea salt, natural colour.
Contains:
Milk
Allergen:
Contains Milk
Dietary:
No Added Sugars, No Preservatives, No Artificial Flavours or Colours
Servings Per Pack:
1.0
Storage Instructions:
Keep refrigerated at or below 4C.
Suitable for:
Vegetarian
Usage Instructions:
Servings per pouch: 1 (unit), Serving size 150g
Size:
150g
Code: 4346255P
4 3 4 6 2 5 5 P
Customers also purchased
YoPro Yoghurt Pouch Strawberry 150g on special
YoPro Yoghurt Pouch Strawberry
150g on special
$2.20
save
$0.50
150g $1.47 per 100G
Unit Price
Add
1
for $2.20

YoPro Yoghurt Pouch Vanilla 150g on special
YoPro Yoghurt Pouch Vanilla
150g on special
$2.20
save
$0.50
150g $1.47 per 100G
Unit Price
Add
1
for $2.20"	['/wcsstore/Coles-CAS/images/4/3/4/4346255-th.jpg', '/wcsstore/Coles-CAS/images/4/3/4/4346255_L-th.jpg', '/wcsstore/Coles-CAS/images/4/3/4/4346255_R-th.jpg', '/wcsstore/Coles-CAS/images/4/3/4/4346255_B-th.jpg']
Uncle Tobys	Le Snak Cheddar Cheese	$ 5 .00	132g	$3.79 per 100G	"Nutrition Facts
Serving size: 1 serving = 22 g
Qty
Quantity
per serving Qty
Quantity
per 100g / 100ml %
Percentage
daily intake*
Energy 360 kJ 1635 kJ 4%
Protein 2.5 g 11.3 g 5%
Total Fat 5.5g 24.3 g 8%
Saturated Fat 2.7 g 12.1 g 11%
Carbohydrate 6.8 g 30.9 g 2%
Sugars 1 g 4.6 g 1%
Dietary Fibre Total 0.6 g 2.5 g 2%
Sodium 175 mg 805 mg 8%
Calcium 101 mg 460 mg 13%
*Percentage Daily Intake per serving. Percentage Daily Intakes are based on an average adult diet of 8700 kJ. Your daily intakes may be higher or lower depending on your energy needs.
Disclaimer:
Product details, including nutritional information and country of origin, may change from time to time and so the product you receive in your order may not reflect the information on this page. Please check the packaging on any product you purchase and if it's not what you expected, feel free to return it for a full refund.
Details
Country of Origin:
Made in Australia
Ingredients:
Cheese Spread [Cheddar Cheese (49%)( Milk , Salt, Starter Culture), Water, Margarine (Vegetable Oils, Water, Salt, Milk Solids, Emulsifiers [ Soy Lecithin, 471], Antioxidants [304, 307b]), Whey Powder ( Milk ), Milk Mineral, Mineral Salts (339, 452), Preservative (234)]. Cracker [ Wheat Flour, Vegetable Fats and Oils (Antioxidants [307, 307b]), Wholemeal Wheat Flour, Sugar, Wheat Bran, Invert Syrup, Salt, Raising Agents (503, 500), Poppy Seeds, Wheat Germ]. Contains: Gluten (Wheat), Milk and Soy. May Contain Egg, Tree Nuts and Peanuts.
Allergen:
Contains Soybean, May Be Present Nuts, May Be Present Peanuts, Contains Gluten, Contains Wheat, Contains Milk, May Be Present Egg
Servings Per Pack:
6.0
Storage Instructions:
Store in A Cool Dry Place. Do Not Store Above 22c
Size:
132 g
Code: 4952890P
4 9 5 2 8 9 0 P
Customers also purchased
Coles Snack Pack French Onion 132g
Coles Snack Pack French Onion
132g
$3.40
Until 02 May 2023
132g $2.58 per 100G
Unit Price
Add
1
for $3.40

Uncle Tobys Le Snak Tasty Cheese 6 Pack 132g
Uncle Tobys Le Snak Tasty Cheese 6 Pack
132g
$5.00
132g $3.79 per 100G
Unit Price
4.4 (63)
4.4 out of 5 stars from 63 ratings received
Add
1
for $5.00

Uncle Tobys Le Snak French Onion 132g
Uncle Tobys Le Snak French Onion
132g
$5.00
132g $3.79 per 100G
Unit Price
5.0 (6)
5.0 out of 5 stars from 6 ratings received
Add
1
for $5.00

Le Snak Cheddar Cheese"	['/wcsstore/Coles-CAS/images/4/9/5/4952890-th.jpg', '/wcsstore/Coles-CAS/images/4/9/5/4952890_L-th.jpg', '/wcsstore/Coles-CAS/images/4/9/5/4952890_R-th.jpg', '/wcsstore/Coles-CAS/images/4/9/5/4952890_B-th.jpg']
Arnott's	Tiny Teddy Chocolate Biscuits 8 pack	$ 3 .00	200g	$1.50 per 100G	"Nutrition Facts
Serving size: 1 serving = 25g
Qty
Quantity
per serving Qty
Quantity
per 100g / 100ml %
Percentage
daily intake*
Energy 460kJ 1840kJ 5.3%
Protein 1.7g 6.8g 3.4%
Total Fat 3.3g 13.4g 4.8%
Saturated Fat 1.6g 6.5g 6.8%
Carbohydrate 17.6g 70.3g 5.7%
Sugars 6.3g 25.3g 7.0%
Dietary Fibre Total 1.2g 4.9g 4.0%
Sodium 75mg 298mg 3.2%
*Percentage Daily Intake per serving. Percentage Daily Intakes are based on an average adult diet of 8700 kJ. Your daily intakes may be higher or lower depending on your energy needs.
Disclaimer:
Product details, including nutritional information and country of origin, may change from time to time and so the product you receive in your order may not reflect the information on this page. Please check the packaging on any product you purchase and if it's not what you expected, feel free to return it for a full refund.
Details
Country of Origin:
Made in Australia
Ingredients:
Wheat Flour, Sugar, Vegetable Oil (Contains Soy), Chocolate (3.5%), Cocoa Powder, Honey, Vegetable Fibre, Salt, Emulsifier (Soy Lecithin), Golden Syrup, Baking Powder, Food Colour (Caramel I), Natural Flavour.
Contains:
Soy and Gluten containing Cereals (Wheat).
Allergen:
May Be Present Milk, May Be Present Sesame, May Be Present Tree Nuts, May Be Present Peanuts, Contains Soy, Contains Wheat, Contains Cereals Containing Gluten, May Be Present Egg
Dietary:
No Preservatives
Servings Per Pack:
8.0
Storage Instructions:
Store in a cool, dry place.
Usage Instructions:
To open, push then pull.
Size:
8 Pack 200g
Warning:
Caution! Tiny Teddy Biscuits are small in size & required chewing. They should not be consumed by children under 3 years. Biscuits not actual size. Individual packs not for retail sale.
Code: 2992102P
2 9 9 2 1 0 2 P
Customers also purchased
Arnott's Crackers Original Pizza Shapes 8 Pack 200g on special
Arnott's Crackers Original Pizza Shapes 8 Pack
200g on special
$3.00
save
$1.50
200g $1.50 per 100G
Unit Price
3more varieties
of Arnott's Crackers Original Pizza Shapes 8 Pack 200g on special
Add
1
for $3.00

Arnott's Crackers Original Bbq Shapes 8 Pack 200g on special
Arnott's Crackers Original Bbq Shapes 8 Pack
200g on special
$3.00
save
$1.50
200g $1.50 per 100G
Unit Price
3more varieties
of Arnott's Crackers Original Bbq Shapes 8 Pack 200g on special
Add
1
for $3.00

Arnott's Minis Choc Chip Cookies 7 pack 175g on special
Arnott's Minis Choc Chip Cookies 7 pack
175g on special
$3.00
save
$1.50
175g $1.71 per 100G
Unit Price
Add
1
for $3.00

Arnott's Tiny Teddy Hundreds & Thousands Biscuits 8 pack 184g on special
Arnott's Tiny Teddy Hundreds & Thousands Biscuits 8 pack
184g on special
$3.00
save
$1.50
184g $1.63 per 100G
Unit Price
4more varieties
of Arnott's Tiny Teddy Hundreds & Thousands Biscuits 8 pack 184g on special
Add
1
for $3.00"	['/wcsstore/Coles-CAS/images/2/9/9/2992102-th.jpg', '/wcsstore/Coles-CAS/images/2/9/9/2992102_L-th.jpg', '/wcsstore/Coles-CAS/images/2/9/9/2992102_R-th.jpg', '/wcsstore/Coles-CAS/images/2/9/9/2992102_B-th.jpg']
Arnott's	Crackers Crimpy Chicken Shapes 8 Pack	$ 3 .00	200g	$1.50 per 100G	"Nutrition Facts
Serving size: 1 serving = 25g
Qty
Quantity
per serving Qty
Quantity
per 100g / 100ml %
Percentage
daily intake*
Energy 493kJ 1970kJ 5.7%
Protein 2.0g 8.0g 4.0%
Total Fat 4.9g 19.6g 7.0%
Saturated Fat 1.0g 3.8g 4.0%
Carbohydrate 15.9g 63.8g 5.1%
Sugars 1.7g 6.9g 1.9%
Dietary Fibre Total 0.8g 3.0g 2.7%
Sodium 216mg 866mg 9.4%
*Percentage Daily Intake per serving. Percentage Daily Intakes are based on an average adult diet of 8700 kJ. Your daily intakes may be higher or lower depending on your energy needs.
Disclaimer:
Product details, including nutritional information and country of origin, may change from time to time and so the product you receive in your order may not reflect the information on this page. Please check the packaging on any product you purchase and if it's not what you expected, feel free to return it for a full refund.
Details
Country of Origin:
Made in Australia
Ingredients:
Wheat Flour, Vegetable Oil, Sugar, Salt, Malt Extract (From Barley), Baking Powder, Flavour Enhancers (E621, E635), Onion Powder, Natural Flavour, Maltodextrin (Maize), Chicken, Spices, Antioxidants (E300, E304, E307b from Soy), Emulsifier (Soy Lecithin).
Contains:
Soy and Gluten containing Cereals (Wheat and Barley).
Allergen:
May Be Present Milk, May Be Present Sesame, Contains Barley, May Be Present Tree Nuts, May Be Present Peanuts, Contains Soy, Contains Wheat, Contains Cereals Containing Gluten, May Be Present Egg
Dietary:
No Preservatives
Servings Per Pack:
8.0
Storage Instructions:
Store in a cool, dry place.
Usage Instructions:
To open, push then pull.
Size:
8 Pack 200g
Warning:
Individual packs not for retail sale. Biscuits not actual size.
Code: 2992237P
2 9 9 2 2 3 7 P
Customers also purchased
Arnott's Crackers Original Pizza Shapes 8 Pack 200g on special
Arnott's Crackers Original Pizza Shapes 8 Pack
200g on special
$3.00
save
$1.50
200g $1.50 per 100G
Unit Price
3more varieties
of Arnott's Crackers Original Pizza Shapes 8 Pack 200g on special
Add
1
for $3.00

Arnott's Crackers Original Bbq Shapes 8 Pack 200g on special
Arnott's Crackers Original Bbq Shapes 8 Pack
200g on special
$3.00
save
$1.50
200g $1.50 per 100G
Unit Price
3more varieties
of Arnott's Crackers Original Bbq Shapes 8 Pack 200g on special
Add
1
for $3.00

Arnott's Minis Choc Chip Cookies 7 pack 175g on special
Arnott's Minis Choc Chip Cookies 7 pack
175g on special
$3.00
save
$1.50
175g $1.71 per 100G
Unit Price
Add
1
for $3.00

Arnott's Tiny Teddy Hundreds & Thousands Biscuits 8 pack 184g on special
Arnott's Tiny Teddy Hundreds & Thousands Biscuits 8 pack
184g on special
$3.00
save
$1.50
184g $1.63 per 100G
Unit Price
4more varieties
of Arnott's Tiny Teddy Hundreds & Thousands Biscuits 8 pack 184g on special
Add
1
for $3.00"	['/wcsstore/Coles-CAS/images/2/9/9/2992237-th.jpg', '/wcsstore/Coles-CAS/images/2/9/9/2992237_L-th.jpg', '/wcsstore/Coles-CAS/images/2/9/9/2992237_R-th.jpg', '/wcsstore/Coles-CAS/images/2/9/9/2992237_B-th.jpg']
Arnott's	Minis Choc Chip Cookies 7 pack	$ 3 .00	175g	$1.71 per 100G	"Nutrition Facts
Serving size: 1 serving = 25g
Qty
Quantity
per serving Qty
Quantity
per 100g / 100ml %
Percentage
daily intake*
Energy 520kJ 2080kJ 6.00%
Protein 1.2g 5.0g 2.50%
Total Fat 6.3g 25.2g 9.00%
Saturated Fat 3.6g 14.6g 15.20%
Carbohydrate 15.3g 61.0g 4.90%
Sugars 7.4g 29.7g 8.30%
Dietary Fibre Total 0.8g 3.3g 2.70%
Sodium 73mg 291mg 3.20%
*Percentage Daily Intake per serving. Percentage Daily Intakes are based on an average adult diet of 8700 kJ. Your daily intakes may be higher or lower depending on your energy needs.
Disclaimer:
Product details, including nutritional information and country of origin, may change from time to time and so the product you receive in your order may not reflect the information on this page. Please check the packaging on any product you purchase and if it's not what you expected, feel free to return it for a full refund.
Details
Country of Origin:
Made in Australia
Ingredients:
Wheat Flour, Chocolate Chips (24%) (Sugar, Cocoa Mass, Cocoa Butter, Natural Flavour, Emulsifier (Soy Lecithin)), Sugar, Vegetable Oil, Butter (Contains Milk), Desiccated Coconut, Skim Milk Powder, Baking Powder, Salt, Emulsifier (Soy Lecithin), Natural Flavour, Antioxidant (E307b From Soy).
Contains:
Gluten containing Cereals, Milk and Soy.
Allergen:
May Be Present Sesame, May Be Present Tree Nuts, May Be Present Peanuts, Contains Soy, Contains Wheat, Contains Milk, Contains Cereals Containing Gluten, May Be Present Egg
Dietary:
No Artificial Flavours or Colours
Servings Per Pack:
7.0
Storage Instructions:
Store in a cool, dry place.
Size:
7 Pack 175g
Warning:
Do not purchase if pack is open or torn. Individual packs not for retail sale. Biscuits not actual size.
Code: 2992157P
2 9 9 2 1 5 7 P
Customers also purchased
Arnott's Crackers Crimpy Chicken Shapes 8 Pack 200g on special
Arnott's Crackers Crimpy Chicken Shapes 8 Pack
200g on special
$3.00
save
$1.50
200g $1.50 per 100G
Unit Price
3more varieties
of Arnott's Crackers Crimpy Chicken Shapes 8 Pack 200g on special
Add
1
for $3.00

Arnott's Scotch Finger Minis Biscuits 8 pack 200g on special
Arnott's Scotch Finger Minis Biscuits 8 pack
200g on special
$3.00
save
$1.50
200g $1.50 per 100G
Unit Price
1more size
of Arnott's Scotch Finger Minis Biscuits 8 pack 200g on special
Add
1
for $3.00

Arnott's Tiny Teddy Chocolate Biscuits 8 pack 200g on special
Arnott's Tiny Teddy Chocolate Biscuits 8 pack
200g on special
$3.00
save
$1.50
200g $1.50 per 100G
Unit Price
5more sizes and varieties
of Arnott's Tiny Teddy Chocolate Biscuits 8 pack 200g on special
Add
1
for $3.00"	['/wcsstore/Coles-CAS/images/2/9/9/2992157-th.jpg', '/wcsstore/Coles-CAS/images/2/9/9/2992157_L-th.jpg', '/wcsstore/Coles-CAS/images/2/9/9/2992157_R-th.jpg', '/wcsstore/Coles-CAS/images/2/9/9/2992157_B-th.jpg']
Arnott's	Crackers Original Pizza Shapes 8 Pack	$ 3 .00	200g	$1.50 per 100G	"Nutrition Facts
Serving size: 1 serving = 25g
Qty
Quantity
per serving Qty
Quantity
per 100g / 100ml %
Percentage
daily intake*
Energy 518kJ 2070kJ 5.9%
Protein 2.0g 7.8g 3.9%
Total Fat 5.8g 23.1g 8.2%
Saturated Fat 1.4g 5.4g 5.6%
Carbohydrate 15.6g 62.3g 5.0%
Sugars 0.4g 1.5g 0.4%
Dietary Fibre Total 0.8g 3.3g 2.7%
Sodium 155mg 620mg 6.7%
*Percentage Daily Intake per serving. Percentage Daily Intakes are based on an average adult diet of 8700 kJ. Your daily intakes may be higher or lower depending on your energy needs.
Disclaimer:
Product details, including nutritional information and country of origin, may change from time to time and so the product you receive in your order may not reflect the information on this page. Please check the packaging on any product you purchase and if it's not what you expected, feel free to return it for a full refund.
Details
Country of Origin:
Made in Australia
Ingredients:
Wheat Flour, Vegetable Oil, Starch (Wheat), Tomato Powder, Salt, Cheese (Contains: Milk), Maltodextrin (Maize), Yeast. Milk Solids, Baking Powder, Sugar, Spice, Garlic Powder, Onion Powder, Herb, Natural Flavour, Vegetable Extract (From Maize, Soy), Food Acid (Citric Acid), Food Colours (Turmeric, Paprika Extract), Antioxidants (E300, E307b From Soy, E304), Yeast Extract, Emulsifier (Soy Lecithin).
Contains:
Gluten containing Cereals (Wheat), Milk and Soy.
Allergen:
May Be Present Sesame, May Be Present Tree Nuts, May Be Present Peanuts, Contains Soy, Contains Wheat, Contains Milk, Contains Cereals Containing Gluten, May Be Present Egg
Dietary:
No Preservatives, No Artificial Flavours or Colours
Servings Per Pack:
8.0
Storage Instructions:
Store in a cool, dry place.
Size:
8 Pack 200g
Warning:
Do not purchase if pack is open or torn. Individual packs not for retail sale. Biscuits not actual size.
Code: 2992226P
2 9 9 2 2 2 6 P
Customers also purchased
Arnott's Crackers Original Bbq Shapes 8 Pack 200g on special
Arnott's Crackers Original Bbq Shapes 8 Pack
200g on special
$3.00
save
$1.50
200g $1.50 per 100G
Unit Price
3more varieties
of Arnott's Crackers Original Bbq Shapes 8 Pack 200g on special
Add
1
for $3.00

Arnott's Crackers Crimpy Chicken Shapes 8 Pack 200g on special
Arnott's Crackers Crimpy Chicken Shapes 8 Pack
200g on special
$3.00
save
$1.50
200g $1.50 per 100G
Unit Price
3more varieties
of Arnott's Crackers Crimpy Chicken Shapes 8 Pack 200g on special
Add
1
for $3.00

Arnott's Tiny Teddy Hundreds & Thousands Biscuits 8 pack 184g on special
Arnott's Tiny Teddy Hundreds & Thousands Biscuits 8 pack
184g on special
$3.00
save
$1.50
184g $1.63 per 100G
Unit Price
4more varieties
of Arnott's Tiny Teddy Hundreds & Thousands Biscuits 8 pack 184g on special
Add
1
for $3.00

Arnott's Shapes Vegemite & Cheese 8 pack 200g on special
Arnott's Shapes Vegemite & Cheese 8 pack
200g on special
$3.00
save
$1.50
200g $1.50 per 100G
Unit Price
3more varieties
of Arnott's Shapes Vegemite & Cheese 8 pack 200g on special
Add
1
for $3.00"	['/wcsstore/Coles-CAS/images/2/9/9/2992226-th.jpg', '/wcsstore/Coles-CAS/images/2/9/9/2992226_L-th.jpg', '/wcsstore/Coles-CAS/images/2/9/9/2992226_R-th.jpg', '/wcsstore/Coles-CAS/images/2/9/9/2992226_B-th.jpg']
Jumpy's	Potato Chips 10 Pack	$ 6 .50	180g	$3.61 per 100G	"Disclaimer:
Product details, including nutritional information and country of origin, may change from time to time and so the product you receive in your order may not reflect the information on this page. Please check the packaging on any product you purchase and if it's not what you expected, feel free to return it for a full refund.
Details
Country of Origin:
Made in Australia under license from local and imported ingredients
Dimensions:
260 x 225 x 113mm
Size:
180g
Code: 3574061P
3 5 7 4 0 6 1 P
Customers also purchased
French Fries Original Potato Chips 6 pack 111g on special
French Fries Original Potato Chips 6 pack
111g on special
buy any 2 for $7.00
Any 2
$ 7
regular price
$4.15 ea
each
111g $3.74 per 100G
Unit Price
Pick any 2 for $7.00 ...

Coles Potato Chips Crinkle Cut Original 20 pack 380g
Coles Potato Chips Crinkle Cut Original 20 pack
380g
$5.25
Until 02 May 2023
380g $1.38 per 100G
Unit Price
Add
1
for $5.25

Coles Popcorn 10 Pack 200g everyday product
Coles Popcorn 10 Pack
200g everyday product
$2.75
200g $1.38 per 100G
Unit Price
Add
1
for $2.75

Kettle Multipack 10 Pack 280g
Kettle Multipack 10 Pack
280g
$7.50
Until 30 Jun 2023
280g $2.68 per 100G
Unit Price
Add
1
for $7.50"	['/wcsstore/Coles-CAS/images/3/5/7/3574061-th.jpg', '/wcsstore/Coles-CAS/images/3/5/7/3574061_B-th.jpg']
Arnott's	Scotch Finger Minis Biscuits 8 pack	$ 3 .00	200g	$1.50 per 100G	"Nutrition Facts
Serving size: 1 serving = 25g
Qty
Quantity
per serving Qty
Quantity
per 100g / 100ml %
Percentage
daily intake*
Energy 510kJ 2040kJ 5.90%
Protein 1.4g 5.7g 2.80%
Total Fat 5.3g 21.3g 7.60%
Saturated Fat 3.1g 12.2g 12.70%
Carbohydrate 16.7g 66.8g 5.40%
Sugars 4.8g 19.0g 5.30%
Dietary Fibre Total 0.6g 2.4g 2.00%
Sodium 120mg 481mg 5.20%
*Percentage Daily Intake per serving. Percentage Daily Intakes are based on an average adult diet of 8700 kJ. Your daily intakes may be higher or lower depending on your energy needs.
Disclaimer:
Product details, including nutritional information and country of origin, may change from time to time and so the product you receive in your order may not reflect the information on this page. Please check the packaging on any product you purchase and if it's not what you expected, feel free to return it for a full refund.
Details
Country of Origin:
Made in Australia
Ingredients:
Wheat Flour, Sugar, Butter (12%) (Cream (From Milk), Salt), Vegetable Oil, Condensed Milk, Salt, Eggs, Baking Powder, Emulsifier (Soy Lecithin), Antioxidant (E307b From Soy).
Contains:
Egg, Gluten containing cereals (Wheat), Milk, and Soy.
Allergen:
May Be Present Sesame, Contains Egg, May Be Present Tree Nuts, May Be Present Peanuts, Contains Soy, Contains Wheat, Contains Milk, Contains Cereals Containing Gluten
Dietary:
No Preservatives
Servings Per Pack:
8.0
Storage Instructions:
Store in a cool, dry place.
Size:
8 Pack 200g
Warning:
Individual packs not for retail sale. Biscuits not actual size.
Code: 2992179P
2 9 9 2 1 7 9 P
Customers also purchased
Arnott's Crackers Crimpy Chicken Shapes 8 Pack 200g on special
Arnott's Crackers Crimpy Chicken Shapes 8 Pack
200g on special
$3.00
save
$1.50
200g $1.50 per 100G
Unit Price
3more varieties
of Arnott's Crackers Crimpy Chicken Shapes 8 Pack 200g on special
Add
1
for $3.00

Arnott's Minis Choc Chip Cookies 7 pack 175g on special
Arnott's Minis Choc Chip Cookies 7 pack
175g on special
$3.00
save
$1.50
175g $1.71 per 100G
Unit Price
Add
1
for $3.00

Arnott's Tiny Teddy Hundreds & Thousands Biscuits 8 pack 184g on special
Arnott's Tiny Teddy Hundreds & Thousands Biscuits 8 pack
184g on special
$3.00
save
$1.50
184g $1.63 per 100G
Unit Price
4more varieties
of Arnott's Tiny Teddy Hundreds & Thousands Biscuits 8 pack 184g on special
Add
1
for $3.00

Arnott's Multipack Bluey Biscuits Honey Oat 168g on special
Arnott's Multipack Bluey Biscuits Honey Oat
168g on special
$3.00
save
$1.50
168g $1.79 per 100G
Unit Price
Add
1
for $3.00"	['/wcsstore/Coles-CAS/images/2/9/9/2992179-th.jpg', '/wcsstore/Coles-CAS/images/2/9/9/2992179_L-th.jpg', '/wcsstore/Coles-CAS/images/2/9/9/2992179_R-th.jpg', '/wcsstore/Coles-CAS/images/2/9/9/2992179_B-th.jpg']
Arnott's	Crackers Original Bbq Shapes 8 Pack	$ 3 .00	200g	$1.50 per 100G	"Nutrition Facts
Serving size: 1 serving = 25g
Qty
Quantity
per serving Qty
Quantity
per 100g / 100ml %
Percentage
daily intake*
Energy 515kJ 2060kJ 5.9%
Protein 1.9g 7.5g 3.8%
Total Fat 5.6g 22.4g 8.0%
Saturated Fat 1.3g 5.2g 5.4%
Carbohydrate 15.8g 63.4g 5.1%
Sugars 0.2g 0.9g 0.2%
Dietary Fibre Total 0.9g 3.4g 3.0%
Sodium 171mg 685mg 7.4%
*Percentage Daily Intake per serving. Percentage Daily Intakes are based on an average adult diet of 8700 kJ. Your daily intakes may be higher or lower depending on your energy needs.
Disclaimer:
Product details, including nutritional information and country of origin, may change from time to time and so the product you receive in your order may not reflect the information on this page. Please check the packaging on any product you purchase and if it's not what you expected, feel free to return it for a full refund.
Details
Country of Origin:
Made in Australia
Ingredients:
Wheat Flour, Vegetable Oil, Starch (Wheat), Salt, Tomato Powder, Yeast, Garlic, Parsley, Sugar, Worcestershire Sauce, Onion Powder, Baking Powder, Natural Flavour, Vegetable Protein Extract (from Maize), Spices, Antioxidants (E300, E307b From Soy, E304), Flavour Enhancer (E635), Emulsifier (Soy Lecithin), Malt Extract (From Barley).
Contains:
Gluten containing Cereals and Soy.
Allergen:
May Be Present Milk, May Be Present Sesame, Contains Barley, May Be Present Tree Nuts, May Be Present Peanuts, Contains Soy, Contains Wheat, Contains Cereals Containing Gluten, May Be Present Egg
Servings Per Pack:
8.0
Storage Instructions:
Store in a cool, dry place.
Size:
8 Pack 200g
Warning:
Individual packs not for retail sale. Biscuits not actual size.
Code: 2992215P
2 9 9 2 2 1 5 P
Customers also purchased
Arnott's Crackers Original Pizza Shapes 8 Pack 200g on special
Arnott's Crackers Original Pizza Shapes 8 Pack
200g on special
$3.00
save
$1.50
200g $1.50 per 100G
Unit Price
3more varieties
of Arnott's Crackers Original Pizza Shapes 8 Pack 200g on special
Add
1
for $3.00

Arnott's Crackers Crimpy Chicken Shapes 8 Pack 200g on special
Arnott's Crackers Crimpy Chicken Shapes 8 Pack
200g on special
$3.00
save
$1.50
200g $1.50 per 100G
Unit Price
3more varieties
of Arnott's Crackers Crimpy Chicken Shapes 8 Pack 200g on special
Add
1
for $3.00

Arnott's Minis Choc Chip Cookies 7 pack 175g on special
Arnott's Minis Choc Chip Cookies 7 pack
175g on special
$3.00
save
$1.50
175g $1.71 per 100G
Unit Price
Add
1
for $3.00

Arnott's Shapes Vegemite & Cheese 8 pack 200g on special
Arnott's Shapes Vegemite & Cheese 8 pack
200g on special
$3.00
save
$1.50
200g $1.50 per 100G
Unit Price
3more varieties
of Arnott's Shapes Vegemite & Cheese 8 pack 200g on special
Add
1
for $3.00"	['/wcsstore/Coles-CAS/images/2/9/9/2992215-th.jpg', '/wcsstore/Coles-CAS/images/2/9/9/2992215_L-th.jpg', '/wcsstore/Coles-CAS/images/2/9/9/2992215_R-th.jpg', '/wcsstore/Coles-CAS/images/2/9/9/2992215_B-th.jpg']
Uncle Tobys	Le Snak Tasty Cheese 6 Pack	$ 5 .00	132g	$3.79 per 100G	"Nutrition Facts
Serving size: 1 serving = 22 g
Qty
Quantity
per serving Qty
Quantity
per 100g / 100ml %
Percentage
daily intake*
Energy 356 kJ 1620 kJ 4%
Protein 2.4 g 11.1 g 5%
Total Fat 5.1g 23.5 g 7%
Saturated Fat 2.6 g 11.6 g 11%
Carbohydrate 7 g 31.7 g 2%
Sugars 1.1 g 5.1 g 1%
Dietary Fibre Total 0.6 g 2.5 g 2%
Sodium 175 mg 805 mg 8%
Calcium 101 mg 460 mg 13%
*Percentage Daily Intake per serving. Percentage Daily Intakes are based on an average adult diet of 8700 kJ. Your daily intakes may be higher or lower depending on your energy needs.
Disclaimer:
Product details, including nutritional information and country of origin, may change from time to time and so the product you receive in your order may not reflect the information on this page. Please check the packaging on any product you purchase and if it's not what you expected, feel free to return it for a full refund.
Details
Country of Origin:
Made in Australia
Ingredients:
Cheese Spread [Cheddar Cheese (47%)( Milk , Salt, Starter Culture), Water, Margarine (Vegetable Oils, Water, Salt, Milk Solids, Emulsifiers [ Soy Lecithin, 471], Antioxidants [304, 307b]), Whey Powder ( Milk ), Flavour ( Milk ), Milk Mineral, Mineral Salts (339, 452), Preservative (234)]. Cracker [ Wheat Flour, Vegetable Fats and Oils (Antioxidants [307, 307b]), Wholemeal Wheat Flour, Sugar, Wheat Bran, Invert Syrup, Salt, Raising Agents (503, 500), Poppy Seeds, Wheat Germ]. Contains: Gluten (Wheat), Milk and Soy. May Contain Egg, Tree Nuts and Peanuts.
Allergen:
Contains Soybean, May Be Present Nuts, May Be Present Peanuts, Contains Gluten, Contains Wheat, Contains Milk, May Be Present Egg
Servings Per Pack:
6.0
Storage Instructions:
Store in A Cool Dry Place. Do Not Store Above 22c
Size:
132 g
Code: 4954750P
4 9 5 4 7 5 0 P
Customers also purchased
Coles Cheese Spread & Crispbread Snacks 12 Pack 300g
Coles Cheese Spread & Crispbread Snacks 12 Pack
300g
$4.50
Until 02 May 2023
300g $1.50 per 100G
Unit Price
Add
1
for $4.50

Uncle Tobys Le Snak Cheddar Cheese 132g
Uncle Tobys Le Snak Cheddar Cheese
132g
$5.00
132g $3.79 per 100G
Unit Price
4.6 (17)
4.6 out of 5 stars from 17 ratings received
Add
1
for $5.00

Uncle Tobys Le Snak French Onion 132g
Uncle Tobys Le Snak French Onion
132g
$5.00
132g $3.79 per 100G
Unit Price
5.0 (6)
5.0 out of 5 stars from 6 ratings received
Add
1
for $5.00

Le Snak Tasty Cheese 6 Pack"	['/wcsstore/Coles-CAS/images/4/9/5/4954750-th.jpg', '/wcsstore/Coles-CAS/images/4/9/5/4954750_R-th.jpg']
Arnott's	Tiny Teddy Hundreds & Thousands Biscuits 8 pack	$ 3 .00	184g	$1.63 per 100G	"Nutrition Facts
Serving size: 1 serving = 23g
Qty
Quantity
per serving Qty
Quantity
per 100g / 100ml %
Percentage
daily intake*
Energy 423kJ 1840kJ 4.90%
Protein 1.1g 5.0g 2.30%
Total Fat 2.9g 12.5g 4.10%
Saturated Fat 1.5g 6.6g 6.40%
Carbohydrate 17.0g 74.1g 5.50%
Sugars 6.7g 29.3g 7.50%
Dietary Fibre Total 1.1g 4.6g 3.70%
Sodium 67mg 292mg 2.90%
*Percentage Daily Intake per serving. Percentage Daily Intakes are based on an average adult diet of 8700 kJ. Your daily intakes may be higher or lower depending on your energy needs.
Disclaimer:
Product details, including nutritional information and country of origin, may change from time to time and so the product you receive in your order may not reflect the information on this page. Please check the packaging on any product you purchase and if it's not what you expected, feel free to return it for a full refund.
Details
Country of Origin:
Made in Australia
Ingredients:
Wheat Flour, Sugar, Vegetable Oil (Contains Soy), Butter (Cream (From Milk), Salt), Honey, Vegetable Fibre, Starches (Tapioca, Wheat, Maize Starch), Salt, Food Colours (Cochineal, Paprika Extract, Copper Chlorophyll, Turmeric), Emulsifier (Soy Lecithin), Baking Powder, Modified Starch (E1422), Natural Flavour, Glazing Agent (E904).
Contains:
Gluten containing Cereals (Wheat), Milk and Soy.
Allergen:
May Be Present Sesame, May Be Present Tree Nuts, May Be Present Peanuts, Contains Soy, Contains Wheat, Contains Milk, Contains Cereals Containing Gluten, May Be Present Egg
Dietary:
No Preservatives
Servings Per Pack:
8.0
Storage Instructions:
Store in a cool, dry place.
Usage Instructions:
To open, push then pull.
Size:
8 Pack 184g
Warning:
Caution! Tiny Teddy Biscuits are small in size & required chewing. They should not be consumed by children under 3 years. Biscuits not actual size. Individual packs not for retail sale.
Code: 2992099P
2 9 9 2 0 9 9 P
Customers also purchased
Arnott's Crackers Original Pizza Shapes 8 Pack 200g on special
Arnott's Crackers Original Pizza Shapes 8 Pack
200g on special
$3.00
save
$1.50
200g $1.50 per 100G
Unit Price
Add
1
for $3.00

Arnott's Crackers Crimpy Chicken Shapes 8 Pack 200g on special
Arnott's Crackers Crimpy Chicken Shapes 8 Pack
200g on special
$3.00
save
$1.50
200g $1.50 per 100G
Unit Price
Add
1
for $3.00

Arnott's Scotch Finger Minis Biscuits 8 pack 200g on special
Arnott's Scotch Finger Minis Biscuits 8 pack
200g on special
$3.00
save
$1.50
200g $1.50 per 100G
Unit Price
Add
1
for $3.00

Arnott's Tiny Teddy Chocolate Biscuits 8 pack 200g on special
Arnott's Tiny Teddy Chocolate Biscuits 8 pack
200g on special
$3.00
save
$1.50
200g $1.50 per 100G
Unit Price
Add
1
for $3.00"	['/wcsstore/Coles-CAS/images/2/9/9/2992099-th.jpg', '/wcsstore/Coles-CAS/images/2/9/9/2992099_L-th.jpg', '/wcsstore/Coles-CAS/images/2/9/9/2992099_R-th.jpg', '/wcsstore/Coles-CAS/images/2/9/9/2992099_B-th.jpg']
Nutella	B-Ready Biscuit Multipack 6x22g	$ 5 .00	132g	$3.79 per 100G	"Disclaimer:
Product details, including nutritional information and country of origin, may change from time to time and so the product you receive in your order may not reflect the information on this page. Please check the packaging on any product you purchase and if it's not what you expected, feel free to return it for a full refund.
Details
Ingredients:
INGREDIENTS: SUGAR, VEGETABLE OIL (PALM*), HAZELNUTS (13%), SKIM MILK POWDER (8.7%), FAT-REDUCED COCOA POWDER (7.4%), EMULSIFIER (LECITHINS) (SOY), FLAVOURING (VANILLIN). TOTAL MILK SOLIDS: 8.7%. TOTAL COCOA SOLIDS: 7.4%. *SUSTAINABLE AND SEGREGATED CERTIFIED PALM OIL.
Allergen:
Contains Hazelnuts, Contains Soy, Contains Milk
Servings Per Pack:
6.0
Storage Instructions:
NO NEED FOR REFRIGERATION STORE AT ROOM TEMPERATURE IN A COOL DRY PLACE AWAY FROM SUNLIGHT AND OTHER HEAT SOURCES (at a temperature between 18C and 20C).
Suitable for:
Vegitarians
Size:
6 Pack 132g
Code: 3935909P
3 9 3 5 9 0 9 P
Customers also purchased
Kinder Happy Hippo Hazelnut Biscuit Bar 5 Pack 105g
Kinder Happy Hippo Hazelnut Biscuit Bar 5 Pack
105g
$5.00
105g $4.76 per 100G
Unit Price
Add
1
for $5.00

Kinder Happy Hippo Cocoa Biscuit Bar 5 Pack 105g
Kinder Happy Hippo Cocoa Biscuit Bar 5 Pack
105g
$5.00
105g $4.76 per 100G
Unit Price
Add
1
for $5.00"	[]
Arnott's	Multipack Bluey Biscuits Honey Oat	$ 3 .00	168g	$1.79 per 100G	"Nutrition Facts
Serving size: 1 serving = 21g
Qty
Quantity
per serving Qty
Quantity
per 100g / 100ml %
Percentage
daily intake*
Energy 393kJ 1870kJ 4.50%
Protein 1.5g 7.1g 3.00%
Total Fat 3.0g 14.3g 4.30%
Saturated Fat 0.8g 3.7g 3.30%
Carbohydrate 14.6g 69.4g 4.70%
Sugars 4.3g 20.7g 4.80%
Dietary Fibre Total 1.1g 5.5g 3.70%
Sodium 12mg 58mg 0.50%
*Percentage Daily Intake per serving. Percentage Daily Intakes are based on an average adult diet of 8700 kJ. Your daily intakes may be higher or lower depending on your energy needs.
Disclaimer:
Product details, including nutritional information and country of origin, may change from time to time and so the product you receive in your order may not reflect the information on this page. Please check the packaging on any product you purchase and if it's not what you expected, feel free to return it for a full refund.
Details
Country of Origin:
Made in Australia
Ingredients:
Wheat Flour, Sugar, Vegetable Oil, (Antioxidant (E307b from Soy), Honey (5%), Oats (4%), Milk Solids, Vegetable Fibre, Emulsifier (Soy Lecithin), Wheat Starch, Baking Powder, Natural Flavour.
Contains:
Wheat, Gluten (Oats), Soy, Milk
Allergen:
May Be Present Sesame, May Be Present Tree Nuts, May Be Present Peanuts, Contains Gluten, Contains Soy, Contains Wheat, Contains Milk, Contains Oats, May Be Present Egg
Dietary:
No Preservatives, No Artificial Flavours or Colours
Servings Per Pack:
8.0
Storage Instructions:
Store in a cool, dry place.
Usage Instructions:
To open Push then Pull.
Size:
168g
Warning:
Caution! 0-3 Yrs Biscuits are small in size and require chewing. They should not be consumed by children under 3 years. Do not purchase if pack is open or torn. Individual packs not for retail sale. Biscuits not actual size.
Code: 5311245P
5 3 1 1 2 4 5 P
Customers also purchased
Arnott's Scotch Finger Minis Biscuits 8 pack 200g on special
Arnott's Scotch Finger Minis Biscuits 8 pack
200g on special
$3.00
save
$1.50
200g $1.50 per 100G
Unit Price
1more size
of Arnott's Scotch Finger Minis Biscuits 8 pack 200g on special
Add
1
for $3.00

Arnott's Multipack Bluey Crackers Pizza 168g on special
Arnott's Multipack Bluey Crackers Pizza
168g on special
$3.00
save
$1.50
168g $1.79 per 100G
Unit Price
Add
1
for $3.00"	['/wcsstore/Coles-CAS/images/5/3/1/5311245-th.jpg', '/wcsstore/Coles-CAS/images/5/3/1/5311245_L-th.jpg', '/wcsstore/Coles-CAS/images/5/3/1/5311245_R-th.jpg', '/wcsstore/Coles-CAS/images/5/3/1/5311245_B-th.jpg']
Nature Valley	Crunchy Oats & Honey 6 Twin Bars	$ 6 .50	252g	$2.58 per 100G	"Nutrition Facts
Serving size: 1 serving = 42g
Qty
Quantity
per serving Qty
Quantity
per 100g / 100ml %
Percentage
daily intake*
Energy 823kJ 1960kJ 9%
Protein 3.7g 8.7g 7%
Total Fat 7.6g 18.1g 11%
Saturated Fat 0.9g 2.2g 4%
Carbohydrate 27g 64.3g 9%
Sugars 11.3g 26.8g 13%
Dietary Fibre Total 2.7g 6.4g 9%
Sodium 143mg 341mg 6%
*Percentage Daily Intake per serving. Percentage Daily Intakes are based on an average adult diet of 8700 kJ. Your daily intakes may be higher or lower depending on your energy needs.
Disclaimer:
Product details, including nutritional information and country of origin, may change from time to time and so the product you receive in your order may not reflect the information on this page. Please check the packaging on any product you purchase and if it's not what you expected, feel free to return it for a full refund.
Details
Country of Origin:
Made in Spain
Ingredients:
Whole Grain Rolled Oats (60%), Sugar, Sunflower Oil, Honey (3%), Salt, Molasses, Emulsifier (Sunflower Lecithin), Raising Agent (Sodium Bicarbonate)
Allergen:
May Contain Soybean, May Contain Peanuts, May Contain Wheat, May Contain Tree Nuts, Contains Oats
Dietary:
No Preservatives
Servings Per Pack:
6.0
Dimensions:
137 x 154 x 46mm
Usage Instructions:
Servings per package: 6, Serving size: 42 g (2 Bars)
Size:
252g
Code: 3585024P
3 5 8 5 0 2 4 P
Customers also purchased
Carman's Almond Hazelnut & Vanilla Nut Bar 175g
Carman's Almond Hazelnut & Vanilla Nut Bar
175g
$6.50
175g $3.71 per 100G
Unit Price
Add
1
for $6.50

Nature Valley Salted Caramel Protein Bar 160g
Nature Valley Salted Caramel Protein Bar
160g
$5.00
Until 02 May 2023
Was $6.50 Jan 2023
160g $3.13 per 100G
Unit Price
Add
1
for $5.00

Nature Valley Crunchy Canadian Maple Syrup 6 Twin Bars 252g
Nature Valley Crunchy Canadian Maple Syrup 6 Twin Bars
252g
$6.50
252g $2.58 per 100G
Unit Price
Add
1
for $6.50

Nature Valley Crunchy Variety 6 Twin Bars 252g
Nature Valley Crunchy Variety 6 Twin Bars
252g
$6.50
252g $2.58 per 100G
Unit Price
Add
1
for $6.50"	['/wcsstore/Coles-CAS/images/3/5/8/3585024-th.jpg', '/wcsstore/Coles-CAS/images/3/5/8/3585024_L-th.jpg', '/wcsstore/Coles-CAS/images/3/5/8/3585024_R-th.jpg', '/wcsstore/Coles-CAS/images/3/5/8/3585024_B-th.jpg']
Nice & Natural	Roasted Cashew Milk Chocolate Peanut Bars 6 Pack	$ 2 .50	192g	$1.30 per 100G	"Disclaimer:
Product details, including nutritional information and country of origin, may change from time to time and so the product you receive in your order may not reflect the information on this page. Please check the packaging on any product you purchase and if it's not what you expected, feel free to return it for a full refund.
Details
Country of Origin:
Made in New Zealand from Imported and Local Ingredients
Dimensions:
125 x 35 x 170mm
Size:
192g
Code: 2605873P
2 6 0 5 8 7 3 P"	['/wcsstore/Coles-CAS/images/2/6/0/2605873-th.jpg', '/wcsstore/Coles-CAS/images/2/6/0/2605873_L-th.jpg', '/wcsstore/Coles-CAS/images/2/6/0/2605873_R-th.jpg', '/wcsstore/Coles-CAS/images/2/6/0/2605873_B-th.jpg']
Messy Monkeys	Bites Burger 6X20g	$ 6 .00	120g	$5.00 per 100G	"Disclaimer:
Product details, including nutritional information and country of origin, may change from time to time and so the product you receive in your order may not reflect the information on this page. Please check the packaging on any product you purchase and if it's not what you expected, feel free to return it for a full refund.
Details
Size:
120g
Code: 4470968P
4 4 7 0 9 6 8 P
Customers also purchased
Messy Monkeys Bites Cheese 6X20g 120g
Messy Monkeys Bites Cheese 6X20g
120g
$6.00
120g $5.00 per 100G
Unit Price
Add
1
for $6.00

Messy Monkeys Bites Chicken 6X20g 120g
Messy Monkeys Bites Chicken 6X20g
120g
$6.00
120g $5.00 per 100G
Unit Price
Add
1
for $6.00

Messy Monkeys Vanilla Rice Puff Bars 6X20g 120g
Messy Monkeys Vanilla Rice Puff Bars 6X20g
120g
$6.00
120g $5.00 per 100G
Unit Price
Add
1
for $6.00

Messy Monkeys Chocolate Rice Puff Bar 6x20g 120g
Messy Monkeys Chocolate Rice Puff Bar 6x20g
120g
$6.00
120g $5.00 per 100G
Unit Price
Add
1
for $6.00"	['/wcsstore/Coles-CAS/images/4/4/7/4470968-th.jpg', '/wcsstore/Coles-CAS/images/4/4/7/4470968_L-th.jpg', '/wcsstore/Coles-CAS/images/4/4/7/4470968_R-th.jpg', '/wcsstore/Coles-CAS/images/4/4/7/4470968_B-th.jpg']
Kinder	Happy Hippo Cocoa Biscuit Bar 5 Pack	$ 5 .00	105g	$4.76 per 100G	"Nutrition Facts
Serving size: 1 serving = 20.7g
Qty
Quantity
per serving Qty
Quantity
per 100g / 100ml %
Percentage
daily intake*
Energy 509kJ 2453kJ 6%
Protein 1.4g 6.7g 3%
Total Fat 8g 38.6g 11%
Saturated Fat 3.6g 17.6g 15%
Carbohydrate 11.1g 53.6g 4%
Sugars 9.3g 45.1g 10%
Sodium 22mg 104mg 1%
*Percentage Daily Intake per serving. Percentage Daily Intakes are based on an average adult diet of 8700 kJ. Your daily intakes may be higher or lower depending on your energy needs.
Disclaimer:
Product details, including nutritional information and country of origin, may change from time to time and so the product you receive in your order may not reflect the information on this page. Please check the packaging on any product you purchase and if it's not what you expected, feel free to return it for a full refund.
Details
Ingredients:
Sugar, Vegetable Fats (Palm*, Shea), Wheat Flour, Whole Milk Powder, Fat-Reduced Cocoa Powder, Skim Milk Powder, Hazelnuts, Whey Powder, Dark Chocolate (Sugar, Cocoa Mass, Cocoa Butter, Emulsifier: Lecithin (Soy), Flavouring: Vanillin), Wheat Starch, Emulsifier (Lecithins) (Soy), Vegetable Oil, Whey Protein Concentrate, Raising Agents (Ammonium Bicarbonate, Sodium Bicarbonate), Salt, Flavouring (Vanillin). *Sustainable and segregated certified palm oil.
Contains:
Wheat (Gluten, Whey), Milk, Hazelnut, Soy. Total Milk Solids: 12%. Total Cocoa Solids: 5%. Wafer: 12%. Dark Chocolate Contains 50% of Cocoa Solids.
Allergen:
Contains Whey, Contains Hazelnuts, Contains Gluten, Contains Soy, Contains Wheat, Contains Milk
Storage Instructions:
Store in cool dry place, away from direct sunlight.
Suitable for:
Families
Size:
103.5g
Code: 4232620P
4 2 3 2 6 2 0 P
Customers also purchased
Coles Mini Cream Wafers Biscuits Multipack 175g everyday product
Coles Mini Cream Wafers Biscuits Multipack
175g everyday product
$2.90
175g $1.66 per 100G
Unit Price
Add
1
for $2.90

Nutella B-Ready Biscuit Multipack 6x22g 132g
Nutella B-Ready Biscuit Multipack 6x22g
132g
$5.00
132g $3.79 per 100G
Unit Price
Add
1
for $5.00

Kinder Happy Hippo Hazelnut Biscuit Bar 5 Pack 105g
Kinder Happy Hippo Hazelnut Biscuit Bar 5 Pack
105g
$5.00
105g $4.76 per 100G
Unit Price
Add
1
for $5.00"	[]
Uncle Tobys	Le Snak French Onion	$ 5 .00	132g	$3.79 per 100G	"Nutrition Facts
Serving size: 1 serving = 22 g
Qty
Quantity
per serving Qty
Quantity
per 100g / 100ml %
Percentage
daily intake*
Energy 359 kJ 1630 kJ 4%
Protein 2.5 g 11.3 g 5%
Total Fat 5.3g 24 g 8%
Saturated Fat 2.6 g 11.9 g 11%
Carbohydrate 6.9 g 31.2 g 2%
Sugars 1 g 4.6 g 1%
Dietary Fibre Total 0.6 g 2.5 g 2%
Sodium 175 mg 800 mg 8%
Calcium 101 mg 460 mg 13%
*Percentage Daily Intake per serving. Percentage Daily Intakes are based on an average adult diet of 8700 kJ. Your daily intakes may be higher or lower depending on your energy needs.
Disclaimer:
Product details, including nutritional information and country of origin, may change from time to time and so the product you receive in your order may not reflect the information on this page. Please check the packaging on any product you purchase and if it's not what you expected, feel free to return it for a full refund.
Details
Country of Origin:
Made in Australia
Ingredients:
Cheese Spread [Cheddar Cheese (49%)( Milk , Salt, Starter Culture), Water, Margarine (Vegetable Oils, Water, Salt, Milk Solids, Emulsifiers [ Soy Lecithin, 471], Antioxidants [304, 307b]), Whey Powder ( Milk ), Milk Mineral, Mineral Salts (339, 452), Onion Powder (0.8%), Preservative (234)]. Cracker [ Wheat Flour, Vegetable Fats and Oils (Antioxidants [307, 307b]), Wholemeal Wheat Flour, Sugar, Wheat Bran, Invert Syrup, Salt, Raising Agents (503, 500), Poppy Seeds, Wheat Germ]. Contains: Gluten (Wheat), Milk and Soy. May Contain Egg, Tree Nuts and Peanuts.
Allergen:
Contains Soybean, May Be Present Nuts, May Be Present Peanuts, Contains Gluten, Contains Wheat, Contains Milk, May Be Present Egg
Servings Per Pack:
6.0
Storage Instructions:
Store in A Cool Dry Place. Do Not Store Above 22c
Size:
132 g
Code: 3022371P
3 0 2 2 3 7 1 P
Customers also purchased
Uncle Tobys Le Snak Tasty Cheese 6 Pack 132g
Uncle Tobys Le Snak Tasty Cheese 6 Pack
132g
$5.00
132g $3.79 per 100G
Unit Price
4.4 (63)
4.4 out of 5 stars from 63 ratings received
Add
1
for $5.00

Uncle Tobys Le Snak French Onion Cheese Dip And Crackers 12 pack 264g
Uncle Tobys Le Snak French Onion Cheese Dip And Crackers 12 pack
264g
$8.00
Until 02 May 2023
Was $9.00 Jan 2023
264g $3.03 per 100G
Unit Price
Add
1
for $8.00

Uncle Tobys Le Snak Cheddar Cheese 132g
Uncle Tobys Le Snak Cheddar Cheese
132g
$5.00
132g $3.79 per 100G
Unit Price
4.6 (17)
4.6 out of 5 stars from 17 ratings received
Add
1
for $5.00

Le Snak French Onion"	[]
Arnott's	Multipack Bluey Crackers Pizza	$ 3 .00	168g	$1.79 per 100G	"Nutrition Facts
Serving size: 1 serving = 21g
Qty
Quantity
per serving Qty
Quantity
per 100g / 100ml %
Percentage
daily intake*
Energy 412kJ 1960kJ 4.70%
Protein 1.4g 6.7g 2.80%
Total Fat 4.5g 21.5g 6.40%
Saturated Fat 0.5g 2.2g 1.90%
Carbohydrate 12.0g 57.1g 3.90%
Sugars 0.4g 1.9g 0.40%
Dietary Fibre Total 2.2g 10.5g 7.30%
Sodium 94mg 447mg 4.10%
*Percentage Daily Intake per serving. Percentage Daily Intakes are based on an average adult diet of 8700 kJ. Your daily intakes may be higher or lower depending on your energy needs.
Disclaimer:
Product details, including nutritional information and country of origin, may change from time to time and so the product you receive in your order may not reflect the information on this page. Please check the packaging on any product you purchase and if it's not what you expected, feel free to return it for a full refund.
Details
Country of Origin:
Made in Australia
Ingredients:
Wheat Flour, Vegetable Oil, Vegetable Fibre, Salt, Yeast, Sugar, Herb Extract, Tomato Powder, Natural Flavour, Garlic Powder, Onion Powder, Food Acid (Citric Acid), Food Colour (Paprika Extract), Spice Extract, Herbs.
Contains:
Wheat, Gluten
Allergen:
May Be Present Milk, May Be Present Sesame, May Be Present Soy, May Be Present Tree Nuts, May Be Present Peanuts, Contains Gluten, Contains Wheat, May Be Present Egg
Dietary:
No Preservatives, No Artificial Flavours or Colours
Servings Per Pack:
8.0
Storage Instructions:
Store in a cool, dry place.
Usage Instructions:
To open Push then Pull.
Size:
168g
Warning:
Caution! 0-3 Yrs Biscuits are small in size and require chewing. They should not be consumed by children under 3 years. Do not purchase if pack is open or torn. Individual packs not for retail sale. Biscuits not actual size.
Code: 5288518P
5 2 8 8 5 1 8 P
Customers also purchased
Arnott's Shapes Vegemite & Cheese 8 pack 200g on special
Arnott's Shapes Vegemite & Cheese 8 pack
200g on special
$3.00
save
$1.50
200g $1.50 per 100G
Unit Price
Add
1
for $3.00

Arnott's Multipack Bluey Biscuits Honey Oat 168g on special
Arnott's Multipack Bluey Biscuits Honey Oat
168g on special
$3.00
save
$1.50
168g $1.79 per 100G
Unit Price
Add
1
for $3.00"	['/wcsstore/Coles-CAS/images/5/2/8/5288518-th.jpg', '/wcsstore/Coles-CAS/images/5/2/8/5288518_L-th.jpg', '/wcsstore/Coles-CAS/images/5/2/8/5288518_R-th.jpg', '/wcsstore/Coles-CAS/images/5/2/8/5288518_B-th.jpg']
Arnott's	Shapes Vegemite & Cheese 8 pack	$ 3 .00	200g	$1.50 per 100G	"Nutrition Facts
Serving size: 1 serving = 25g
Qty
Quantity
per serving Qty
Quantity
per 100g / 100ml %
Percentage
daily intake*
Energy 513kJ 2050kJ 5.9%
Protein 2.0g 8.1g 4.1%
Total Fat 5.4g 21.6g 7.7%
Saturated Fat 0.8g 3.2g 3.3%
Carbohydrate 15.9g 63.8g 5.1%
Sugars 0.1g 0.5g 0.2%
Dietary Fibre Total 0.8g 3.3g 2.7%
Sodium 130mg 520mg 5.7%
*Percentage Daily Intake per serving. Percentage Daily Intakes are based on an average adult diet of 8700 kJ. Your daily intakes may be higher or lower depending on your energy needs.
Disclaimer:
Product details, including nutritional information and country of origin, may change from time to time and so the product you receive in your order may not reflect the information on this page. Please check the packaging on any product you purchase and if it's not what you expected, feel free to return it for a full refund.
Details
Country of Origin:
Made in Australia
Ingredients:
Wheat Flour, Vegetable Oil, Vegemite (3%) (Contains Yeast Extract (From Yeast Grown On Barley And Wheat)), Colour (Caramel Ill), Natural Flavours), Cornflour (Maize), Cheese (1%) (Contains: Milk), Salt, Natural Flavour, Yeast, Baking Powder, Milk Solids, Antioxidants (E307b From Soy, E304), Emulsifier (Soy Lecithin).
Contains:
Gluten containing Cereals (Wheat and Barley), Milk and Soy.
Allergen:
May Be Present Sesame, Contains Barley, May Be Present Tree Nuts, May Be Present Peanuts, Contains Soy, Contains Wheat, Contains Milk, Contains Cereals Containing Gluten, May Be Present Egg
Servings Per Pack:
8.0
Storage Instructions:
To maintain freshness, store in a cool, dry place in an airtight, light proof container.
Size:
8 Pack 200g
Warning:
Individual packs not for retail sale. Biscuits not actual size.
Code: 2992248P
2 9 9 2 2 4 8 P
Customers also purchased
Arnott's Crackers Original Pizza Shapes 8 Pack 200g on special
Arnott's Crackers Original Pizza Shapes 8 Pack
200g on special
$3.00
save
$1.50
200g $1.50 per 100G
Unit Price
3more varieties
of Arnott's Crackers Original Pizza Shapes 8 Pack 200g on special
Add
1
for $3.00

Arnott's Crackers Original Bbq Shapes 8 Pack 200g on special
Arnott's Crackers Original Bbq Shapes 8 Pack
200g on special
$3.00
save
$1.50
200g $1.50 per 100G
Unit Price
3more varieties
of Arnott's Crackers Original Bbq Shapes 8 Pack 200g on special
Add
1
for $3.00

Arnott's Crackers Crimpy Chicken Shapes 8 Pack 200g on special
Arnott's Crackers Crimpy Chicken Shapes 8 Pack
200g on special
$3.00
save
$1.50
200g $1.50 per 100G
Unit Price
3more varieties
of Arnott's Crackers Crimpy Chicken Shapes 8 Pack 200g on special
Add
1
for $3.00

Arnott's Multipack Bluey Crackers Pizza 168g on special
Arnott's Multipack Bluey Crackers Pizza
168g on special
$3.00
save
$1.50
168g $1.79 per 100G
Unit Price
Add
1
for $3.00"	['/wcsstore/Coles-CAS/images/2/9/9/2992248-th.jpg', '/wcsstore/Coles-CAS/images/2/9/9/2992248_L-th.jpg', '/wcsstore/Coles-CAS/images/2/9/9/2992248_R-th.jpg', '/wcsstore/Coles-CAS/images/2/9/9/2992248_B-th.jpg']
Messy Monkeys	Popcorn Lightly Salted 6X13g	$ 5 .00	78g	$6.41 per 100G	"Disclaimer:
Product details, including nutritional information and country of origin, may change from time to time and so the product you receive in your order may not reflect the information on this page. Please check the packaging on any product you purchase and if it's not what you expected, feel free to return it for a full refund.
Details
Size:
78g
Code: 4471020P
4 4 7 1 0 2 0 P
Customers also purchased
Messy Monkeys Bites Burger 6X20g 120g
Messy Monkeys Bites Burger 6X20g
120g
$6.00
120g $5.00 per 100G
Unit Price
Add
1
for $6.00

Messy Monkeys Vanilla Rice Puff Bars 6X20g 120g
Messy Monkeys Vanilla Rice Puff Bars 6X20g
120g
$6.00
120g $5.00 per 100G
Unit Price
Add
1
for $6.00

Messy Monkeys Chocolate Rice Puff Bar 6x20g 120g
Messy Monkeys Chocolate Rice Puff Bar 6x20g
120g
$6.00
120g $5.00 per 100G
Unit Price
Add
1
for $6.00

Messy Monkeys Popcorn Sweet & Salty 6X13g 78g
Messy Monkeys Popcorn Sweet & Salty 6X13g
78g
$5.00
78g $6.41 per 100G
Unit Price
Add
1
for $5.00"	['/wcsstore/Coles-CAS/images/4/4/7/4471020-th.jpg', '/wcsstore/Coles-CAS/images/4/4/7/4471020_L-th.jpg', '/wcsstore/Coles-CAS/images/4/4/7/4471020_R-th.jpg', '/wcsstore/Coles-CAS/images/4/4/7/4471020_B-th.jpg']
Sunrice	Crunch'Ems BBQ	$ 4 .80	120g	$4.00 per 100G	"Nutrition Facts
Serving size: 1 serving = 20g
Qty
Quantity
per serving Qty
Quantity
per 100g / 100ml %
Percentage
daily intake*
Energy 350 1750 4
Protein 1.4 7.1 3
Total Fat 1.4 7 2
Saturated Fat 0.3 1.7 1
Carbohydrate 15.9 79.3 5
Sugars 0.7 3.5 1
Dietary Fibre Total 0.7 3.3 2
Sodium 40 202 2
Gluten 0 0 0
*Percentage Daily Intake per serving. Percentage Daily Intakes are based on an average adult diet of 8700 kJ. Your daily intakes may be higher or lower depending on your energy needs.
Disclaimer:
Product details, including nutritional information and country of origin, may change from time to time and so the product you receive in your order may not reflect the information on this page. Please check the packaging on any product you purchase and if it's not what you expected, feel free to return it for a full refund.
Details
Country of Origin:
Product of Thailand
Ingredients:
Rice (80%), vegetable oil, BBQ seasoning [sugar, maltodextrin, onion powder, salt, soy sauce powder, garlic powder, natural flavouring, yeast extract], polydextrose, dried cabbage, emulsifier (soy lecithin), dried beetroot, spring onion flake, antioxidant (tocopherol).
Contains:
Contains: Soy. May contain: milk, sesame, tree nuts (almond, walnut).
Allergen:
May Be Present Milk, May Be Present Sesame, May Be Present Tree Nuts, Contains Soy
Dietary:
No Preservatives, No Artificial Flavours or Colours
Servings Per Pack:
6.0
Storage Instructions:
Store in a cool dry place out of sunlight.
Size:
120g
Warning:
Please take care with children less than 3 years old as small pieces may present a choking hazard.
Code: 5640225P
5 6 4 0 2 2 5 P
Customers also purchased
Sunrice Creepy Cheese Mini Bites 8pk 160g
Sunrice Creepy Cheese Mini Bites 8pk
160g
$4.50
Until 02 May 2023
160g $2.81 per 100G
Unit Price
Add
1
for $4.50

Ceres Organics Seaweed Multipack Nori 8x2g 16g
Ceres Organics Seaweed Multipack Nori 8x2g
16g
$6.50
16g $40.63 per 100G
Unit Price
Add
1
for $6.50"	['/wcsstore/Coles-CAS/images/5/6/4/5640225-th.jpg', '/wcsstore/Coles-CAS/images/5/6/4/5640225_L-th.jpg', '/wcsstore/Coles-CAS/images/5/6/4/5640225_R-th.jpg', '/wcsstore/Coles-CAS/images/5/6/4/5640225_B-th.jpg']
Kinder	Happy Hippo Hazelnut Biscuit Bar 5 Pack	$ 5 .00	105g	$4.76 per 100G	"Nutrition Facts
Serving size: 1 serving = 20.7g
Qty
Quantity
per serving Qty
Quantity
per 100g / 100ml %
Percentage
daily intake*
Energy 507kJ 2439kJ 6%
Protein 1.8g 8.5g 4%
Total Fat 8.1g 38.9g 12%
Saturated Fat 3.5g 16.8g 15%
Carbohydrate 10.4g 50.3g 3%
Sugars 9g 43.6g 10%
Sodium 29mg 141mg 1%
*Percentage Daily Intake per serving. Percentage Daily Intakes are based on an average adult diet of 8700 kJ. Your daily intakes may be higher or lower depending on your energy needs.
Disclaimer:
Product details, including nutritional information and country of origin, may change from time to time and so the product you receive in your order may not reflect the information on this page. Please check the packaging on any product you purchase and if it's not what you expected, feel free to return it for a full refund.
Details
Ingredients:
Sugar, Vegetable Fats (Palm*, Shea) Skim Milk Powder, Hazelnuts 12%, Wheat Flour, Whole Milk Powder, Whey Powder, Wheat Starch, Emulsifier (Lecithins) (Soy), Vegetable Oil, Whey Protein Concentrate, Raising Agents (Sodium Bicarbonate), Ammonium Bicarbonate), Salt, Flavouring (Vanillin), Fat-Reduced Cocoa Powder. *Sustainable and segregated certified palm oil.
Contains:
Wheat (Gluten, Whey), Milk, Hazelnut, Soy. Total Milk Solids: 20%. Wafer: 12%.
Allergen:
Contains Whey, Contains Hazelnuts, Contains Gluten, Contains Soy, Contains Wheat, Contains Milk
Storage Instructions:
Store in cool dry place, away from direct sunlight.
Suitable for:
Families
Size:
103.5g
Code: 4243809P
4 2 4 3 8 0 9 P"	[]
Sunrice	Crunch'Ems Salt & Vinegar	$ 4 .80	120g	$4.00 per 100G	"Nutrition Facts
Serving size: 1 serving = 20g
Qty
Quantity
per serving Qty
Quantity
per 100g / 100ml %
Percentage
daily intake*
Energy 354 1770 4
Protein 1.4 7 3
Total Fat 1.6 7.8 2
Saturated Fat 0.4 1.9 2
Carbohydrate 15.7 78.5 5
Sugars 0 0 0
Dietary Fibre Total 0.7 3.3 2
Sodium 43 213 2
Gluten 0 0 0
*Percentage Daily Intake per serving. Percentage Daily Intakes are based on an average adult diet of 8700 kJ. Your daily intakes may be higher or lower depending on your energy needs.
Disclaimer:
Product details, including nutritional information and country of origin, may change from time to time and so the product you receive in your order may not reflect the information on this page. Please check the packaging on any product you purchase and if it's not what you expected, feel free to return it for a full refund.
Details
Country of Origin:
Product of Thailand
Ingredients:
Rice (80%), vegetable oil, salt & vinegar seasoning [maltodextrin, food acids (sodium diacetate, citric acid), salt, yeast extract], polydextrose, dried cabbage, emulsifier (soy lecithin), dried beetroot, spring onion flake, antioxidant (tocopherol).
Contains:
soy
Allergen:
May Be Present Milk, May Be Present Sesame, May Be Present Tree Nuts, Contains Soy
Dietary:
No Preservatives, No Artificial Flavours or Colours
Servings Per Pack:
6.0
Storage Instructions:
Store in a cool dry place out of sunlight.
Size:
120g
Warning:
Please take care with children less than 3 years old as small pieces may present a choking hazard
Code: 5640214P
5 6 4 0 2 1 4 P
Customers also purchased
Sunrice Creepy Cheese Mini Bites 8pk 160g
Sunrice Creepy Cheese Mini Bites 8pk
160g
$4.50
Until 02 May 2023
160g $2.81 per 100G
Unit Price
Add
1
for $4.50

Ceres Organics Seaweed Multipack Nori 8x2g 16g
Ceres Organics Seaweed Multipack Nori 8x2g
16g
$6.50
16g $40.63 per 100G
Unit Price
Add
1
for $6.50"	['/wcsstore/Coles-CAS/images/5/6/4/5640214-th.jpg', '/wcsstore/Coles-CAS/images/5/6/4/5640214_L-th.jpg', '/wcsstore/Coles-CAS/images/5/6/4/5640214_R-th.jpg', '/wcsstore/Coles-CAS/images/5/6/4/5640214_B-th.jpg']
Messy Monkeys	Bites Cheese 6X20g	$ 6 .00	120g	$5.00 per 100G	"Disclaimer:
Product details, including nutritional information and country of origin, may change from time to time and so the product you receive in your order may not reflect the information on this page. Please check the packaging on any product you purchase and if it's not what you expected, feel free to return it for a full refund.
Details
Size:
120g
Code: 4470979P
4 4 7 0 9 7 9 P
Customers also purchased
Messy Monkeys Bites Chicken 6X20g 120g
Messy Monkeys Bites Chicken 6X20g
120g
$6.00
120g $5.00 per 100G
Unit Price
Add
1
for $6.00

Messy Monkeys Bites Burger 6X20g 120g
Messy Monkeys Bites Burger 6X20g
120g
$6.00
120g $5.00 per 100G
Unit Price
Add
1
for $6.00

Messy Monkeys Vanilla Rice Puff Bars 6X20g 120g
Messy Monkeys Vanilla Rice Puff Bars 6X20g
120g
$6.00
120g $5.00 per 100G
Unit Price
Add
1
for $6.00

Messy Monkeys Honeycomb Rice Puff Bar 6X20g 120g
Messy Monkeys Honeycomb Rice Puff Bar 6X20g
120g
$6.00
120g $5.00 per 100G
Unit Price
Add
1
for $6.00"	['/wcsstore/Coles-CAS/images/4/4/7/4470979-th.jpg', '/wcsstore/Coles-CAS/images/4/4/7/4470979_L-th.jpg', '/wcsstore/Coles-CAS/images/4/4/7/4470979_R-th.jpg', '/wcsstore/Coles-CAS/images/4/4/7/4470979_B-th.jpg']
Messy Monkeys	Popcorn Sweet & Salty 6X13g	$ 5 .00	78g	$6.41 per 100G	"Disclaimer:
Product details, including nutritional information and country of origin, may change from time to time and so the product you receive in your order may not reflect the information on this page. Please check the packaging on any product you purchase and if it's not what you expected, feel free to return it for a full refund.
Details
Size:
78g
Code: 4471031P
4 4 7 1 0 3 1 P
Customers also purchased
Messy Monkeys Bites Cheese 6X20g 120g
Messy Monkeys Bites Cheese 6X20g
120g
$6.00
120g $5.00 per 100G
Unit Price
Add
1
for $6.00

Messy Monkeys Popcorn Lightly Salted 6X13g 78g
Messy Monkeys Popcorn Lightly Salted 6X13g
78g
$5.00
78g $6.41 per 100G
Unit Price
Add
1
for $5.00

Messy Monkeys Bites Burger 6X20g 120g
Messy Monkeys Bites Burger 6X20g
120g
$6.00
120g $5.00 per 100G
Unit Price
Add
1
for $6.00

Messy Monkeys Chocolate Rice Puff Bar 6x20g 120g
Messy Monkeys Chocolate Rice Puff Bar 6x20g
120g
$6.00
120g $5.00 per 100G
Unit Price
Add
1
for $6.00"	['/wcsstore/Coles-CAS/images/4/4/7/4471031-th.jpg', '/wcsstore/Coles-CAS/images/4/4/7/4471031_L-th.jpg', '/wcsstore/Coles-CAS/images/4/4/7/4471031_R-th.jpg', '/wcsstore/Coles-CAS/images/4/4/7/4471031_B-th.jpg']
No Nasties	Project Multipack Choc Chip Cookies Rainbow Choc 8 Pack	$ 5 .00	180g	$2.78 per 100G	"Nutrition Facts
Serving size: 1 serving = 22.5g
Qty
Quantity
per serving Qty
Quantity
per 100g / 100ml %
Percentage
daily intake*
Energy 409kJ 1820kJ
Not provided
Protein 1.3g 5.8g
Not provided
Total Fat 4.4g 19.4g
Not provided
Saturated Fat 2.6g 11.6g
Not provided
Carbohydrate 15.9g 70.6g
Not provided
Sugars 3.8g 16.7g
Not provided
Dietary Fibre Total 0.3g 1.2g
Not provided
Sodium 59mg 263mg
Not provided
*Percentage Daily Intake per serving. Percentage Daily Intakes are based on an average adult diet of 8700 kJ. Your daily intakes may be higher or lower depending on your energy needs.
Disclaimer:
Product details, including nutritional information and country of origin, may change from time to time and so the product you receive in your order may not reflect the information on this page. Please check the packaging on any product you purchase and if it's not what you expected, feel free to return it for a full refund.
Details
Country of Origin:
Made in Australia from at least 55% Australian ingredients
Ingredients:
Wheat Flour, Sweeteners (Erythritol, Isomalt, Stevia Extract), Vegetable Fat and Oil (Contains Antioxidant (Mixed Tocopherols)), White Choc Chips (9%) (Sugar, Vegetable Fat, Milk Powder, Maltodextrin, Emulsifier (Soy Lecithin), Natural Flavour), Sprinkles (9%) (Sugar, Tapioca Starch, Glazing Agent (Shellac), Natural Colours (Carmine, Turmeric, Paprika Oleoresin, Spirulina Extract)), Sugar, Butter (Milk, Salt), Desiccated Coconut, Whole Egg Powder, Golden Syrup, Salt, Natural Flavour, Raising Agents (Sodium Bicarbonate, Ammonium Bicarbonate)
Dietary:
Low in Sugar, No Artificial Flavours or Colours
Servings Per Pack:
8.0
Storage Instructions:
Store unopened pack in a cool, dry place away from direct sunlight. Once opened, store in an airtight container.
Dimensions:
230 x 185 x 75mm
Usage Instructions:
Servings Per Pack 8, Serving Size: Approx. 22.5g
Size:
180g
Warning:
WARNING: THE NO NASTIES PROJECT MINI COOKIES ARE SMALL IN SIZE AND REQUIRE CHEWING. THEY SHOULD NOT BE CONSUMED BY CHILDREN UNDER 3 YEARS.
Code: 4511566P
4 5 1 1 5 6 6 P
Customers also purchased
Arnott's Crackers Original Pizza Shapes 8 Pack 200g on special
Arnott's Crackers Original Pizza Shapes 8 Pack
200g on special
$3.00
save
$1.50
200g $1.50 per 100G
Unit Price
3more varieties
of Arnott's Crackers Original Pizza Shapes 8 Pack 200g on special
Add
1
for $3.00

Arnott's Crackers Crimpy Chicken Shapes 8 Pack 200g on special
Arnott's Crackers Crimpy Chicken Shapes 8 Pack
200g on special
$3.00
save
$1.50
200g $1.50 per 100G
Unit Price
3more varieties
of Arnott's Crackers Crimpy Chicken Shapes 8 Pack 200g on special
Add
1
for $3.00

Arnott's Tiny Teddy Hundreds & Thousands Biscuits 8 pack 184g on special
Arnott's Tiny Teddy Hundreds & Thousands Biscuits 8 pack
184g on special
$3.00
save
$1.50
184g $1.63 per 100G
Unit Price
4more varieties
of Arnott's Tiny Teddy Hundreds & Thousands Biscuits 8 pack 184g on special
Add
1
for $3.00

No Nasties Project Multipack Choc Chip Cookies Original 8 Pack 180g
No Nasties Project Multipack Choc Chip Cookies Original 8 Pack
180g
$5.00
180g $2.78 per 100G
Unit Price
Add
1
for $5.00"	['/wcsstore/Coles-CAS/images/4/5/1/4511566-th.jpg', '/wcsstore/Coles-CAS/images/4/5/1/4511566_B-th.jpg']
Messy Monkeys	Bites Sour Cream 6X20g	$ 6 .00	120g	$5.00 per 100G	"Disclaimer:
Product details, including nutritional information and country of origin, may change from time to time and so the product you receive in your order may not reflect the information on this page. Please check the packaging on any product you purchase and if it's not what you expected, feel free to return it for a full refund.
Details
Size:
129g
Code: 4471010P
4 4 7 1 0 1 0 P
Customers also purchased
Messy Monkeys Bites Cheese 6X20g 120g
Messy Monkeys Bites Cheese 6X20g
120g
$6.00
120g $5.00 per 100G
Unit Price
Add
1
for $6.00

Messy Monkeys Bites Chicken 6X20g 120g
Messy Monkeys Bites Chicken 6X20g
120g
$6.00
120g $5.00 per 100G
Unit Price
Add
1
for $6.00

Messy Monkeys Bites Burger 6X20g 120g
Messy Monkeys Bites Burger 6X20g
120g
$6.00
120g $5.00 per 100G
Unit Price
Add
1
for $6.00

Messy Monkeys Vanilla Rice Puff Bars 6X20g 120g
Messy Monkeys Vanilla Rice Puff Bars 6X20g
120g
$6.00
120g $5.00 per 100G
Unit Price
Add
1
for $6.00"	['/wcsstore/Coles-CAS/images/4/4/7/4471010-th.jpg', '/wcsstore/Coles-CAS/images/4/4/7/4471010_L-th.jpg', '/wcsstore/Coles-CAS/images/4/4/7/4471010_R-th.jpg', '/wcsstore/Coles-CAS/images/4/4/7/4471010_B-th.jpg']
Messy Monkeys	Bites Chicken 6X20g	$ 6 .00	120g	$5.00 per 100G	"Disclaimer:
Product details, including nutritional information and country of origin, may change from time to time and so the product you receive in your order may not reflect the information on this page. Please check the packaging on any product you purchase and if it's not what you expected, feel free to return it for a full refund.
Details
Size:
120g
Code: 4470980P
4 4 7 0 9 8 0 P
Customers also purchased
Messy Monkeys Bites Sour Cream 6X20g 120g
Messy Monkeys Bites Sour Cream 6X20g
120g
$6.00
120g $5.00 per 100G
Unit Price
Add
1
for $6.00

Messy Monkeys Bites Cheese 6X20g 120g
Messy Monkeys Bites Cheese 6X20g
120g
$6.00
120g $5.00 per 100G
Unit Price
Add
1
for $6.00

Messy Monkeys Bites Burger 6X20g 120g
Messy Monkeys Bites Burger 6X20g
120g
$6.00
120g $5.00 per 100G
Unit Price
Add
1
for $6.00

Messy Monkeys Honeycomb Rice Puff Bar 6X20g 120g
Messy Monkeys Honeycomb Rice Puff Bar 6X20g
120g
$6.00
120g $5.00 per 100G
Unit Price
Add
1
for $6.00"	['/wcsstore/Coles-CAS/images/4/4/7/4470980-th.jpg', '/wcsstore/Coles-CAS/images/4/4/7/4470980_L-th.jpg', '/wcsstore/Coles-CAS/images/4/4/7/4470980_R-th.jpg', '/wcsstore/Coles-CAS/images/4/4/7/4470980_B-th.jpg']
No Nasties	Project Multipack Choc Chip Cookies Original 8 Pack	$ 5 .00	180g	$2.78 per 100G	"Nutrition Facts
Serving size: 1 serving = 22.5g
Qty
Quantity
per serving Qty
Quantity
per 100g / 100ml %
Percentage
daily intake*
Energy 418kJ 1860kJ
Not provided
Protein 1.3g 5.6g
Not provided
Total Fat 5.1g 22.8g
Not provided
Saturated Fat 3.4g 15.2g
Not provided
Carbohydrate 15g 66.5g
Not provided
Sugars 4g 17.8g
Not provided
Dietary Fibre Total 0.2g 1.1g
Not provided
Sodium 59mg 262mg
Not provided
*Percentage Daily Intake per serving. Percentage Daily Intakes are based on an average adult diet of 8700 kJ. Your daily intakes may be higher or lower depending on your energy needs.
Disclaimer:
Product details, including nutritional information and country of origin, may change from time to time and so the product you receive in your order may not reflect the information on this page. Please check the packaging on any product you purchase and if it's not what you expected, feel free to return it for a full refund.
Details
Country of Origin:
Made in Australia from at least 55% Australian Ingredients
Ingredients:
Wheat Flour, Choc Chips (20%) (Sugar, Vegetable Fat, Cocoa Powder, Sunflower Lecithin, Natural Flavour), Sweeteners (Erythritol, Isomalt, Stevia Extract), Vegetable Fats and Oils (contains Antioxidant (Mixed Tocopherols)), Butter (Milk, Salt), Sugar, Desiccated Coconut, Whole Egg Powder, Golden Syrup, Salt, Natural Flavour, Raising Agents (Sodium Bicarbonate, Ammonium Bicarbonate)
Dietary:
Low in Sugar, No Artificial Flavours or Colours
Servings Per Pack:
8.0
Storage Instructions:
Store unopened pack in a cool, dry place away from direct sunlight. Once opened, store in an airtight container.
Dimensions:
230 x 185 x 75mm
Usage Instructions:
Servings per pack 8, Serving size: Approx. 22.5g
Size:
180g
Warning:
WARNING: THE NO NASTIES PROJECT MINI COOKIES ARE SMALL IN SIZE AND REQUIRE CHEWING. THEY SHOULD NOT BE CONSUMED BY CHILDREN UNDER 3 YEARS.
Code: 4511136P
4 5 1 1 1 3 6 P
Customers also purchased
Green's Chunkies Chocolate Chip Cookies Mini Multipack 200g
Green's Chunkies Chocolate Chip Cookies Mini Multipack
200g
$4.80
200g $2.40 per 100G
Unit Price
Add
1
for $4.80

No Nasties Project Multipack Choc Chip Cookies Rainbow Choc 8 Pack 180g
No Nasties Project Multipack Choc Chip Cookies Rainbow Choc 8 Pack
180g
$5.00
180g $2.78 per 100G
Unit Price
Add
1
for $5.00

Arnott's Multipack Bluey Biscuits Honey Oat 168g on special
Arnott's Multipack Bluey Biscuits Honey Oat
168g on special
$3.00
save
$1.50
168g $1.79 per 100G
Unit Price
Add
1
for $3.00"	['/wcsstore/Coles-CAS/images/4/5/1/4511136-th.jpg', '/wcsstore/Coles-CAS/images/4/5/1/4511136_B-th.jpg']
Sunbeam	Sultanas Snack 6 Pack	$ 3 .00	240g	$12.50 per 1Kg	"Nutrition Facts
Serving size: 1 serving = 40g
Qty
Quantity
per serving Qty
Quantity
per 100g / 100ml %
Percentage
daily intake*
Energy 576kJ 1440kJ
Not provided
Protein 1g 2.4g
Not provided
Total Fat 0.3g 0.8g
Not provided
Saturated Fat
Less than
< 0.1g 0.1g
Not provided
Carbohydrate 31.6g 79.1g
Not provided
Sugars 28.5g 71.3g
Not provided
Dietary Fibre Total 1.3g 3.3g
Not provided
Sodium 3mg 7mg
Not provided
*Percentage Daily Intake per serving. Percentage Daily Intakes are based on an average adult diet of 8700 kJ. Your daily intakes may be higher or lower depending on your energy needs.
Disclaimer:
Product details, including nutritional information and country of origin, may change from time to time and so the product you receive in your order may not reflect the information on this page. Please check the packaging on any product you purchase and if it's not what you expected, feel free to return it for a full refund.
Details
Ingredients:
Australian Sultanas (99.5%), Sunflower Oil
Dietary:
No Added Sugars, No Artificial Flavours or Colours
Servings Per Pack:
1.0
Dimensions:
68 x 146 x 43mm
Size:
240g
Code: 145604P
1 4 5 6 0 4 P
Customers also purchased
Sunbeam Sultana And Cranberry 6 pack
Sunbeam Sultana And Cranberry
6 pack
$3.30
6 pack $0.55 per 1Ea
Unit Price
Add
1
for $3.30

Snackify Beat Box Mix 5 pack on special
Snackify Beat Box Mix
5 pack on special
$4.20
save
$1.80
5 pack $0.84 per 1Ea
Unit Price
Add
1
for $4.20"	['/wcsstore/Coles-CAS/images/1/4/5/145604-th.jpg', '/wcsstore/Coles-CAS/images/1/4/5/145604_L-th.jpg', '/wcsstore/Coles-CAS/images/1/4/5/145604_R-th.jpg', '/wcsstore/Coles-CAS/images/1/4/5/145604_B-th.jpg']
Coles	Dried Apricots	$ 5 .00	400g	$12.50 per 1Kg	"Nutrition Facts
Serving size: 1 serving = 30g
Qty
Quantity
per serving Qty
Quantity
per 100g / 100ml %
Percentage
daily intake*
Energy 332.04 1106.8 4
Energy Cal 79.44 264.78
Not provided
Protein 0.72 2.4 1
Total Fat 0.3 1 0
Saturated Fat 0.06 0.2 0
Carbohydrate 17.1 57 6
Sodium 1.5 5 0
*Percentage Daily Intake per serving. Percentage Daily Intakes are based on an average adult diet of 8700 kJ. Your daily intakes may be higher or lower depending on your energy needs.
Disclaimer:
Product details, including nutritional information and country of origin, may change from time to time and so the product you receive in your order may not reflect the information on this page. Please check the packaging on any product you purchase and if it's not what you expected, feel free to return it for a full refund.
Details
Ingredients:
INGREDIENTS: Dried Apricot (99%), Sunflower Oil, Preservative (220)
Allergen:
Contains SULPHITES
Servings Per Pack:
13.0
Storage Instructions:
Store in a cool, dry place. Once opened, store in an airtight container
Warning:
Apricots are mechanically pitted and may contain an occasional pit or pit fragment. Take care to avoid dental injury.
Code: 2149231P
2 1 4 9 2 3 1 P
Customers also purchased
Coles Pepitas 250g
Coles Pepitas
250g
$3.00
250g $12.00 per 1Kg
Unit Price
Add
1
for $3.00

Coles Pine Nuts Prepacked 200g
Coles Pine Nuts Prepacked
200g
$12.00
200g $60.00 per 1Kg
Unit Price
Add
1
for $12.00

Coles Sweet Chilli & Lime Soy Crisps 400g
Coles Sweet Chilli & Lime Soy Crisps
400g
$6.00
400g $15.00 per 1Kg
Unit Price
Add
1
for $6.00

Coles Honey Cashews 350g
Coles Honey Cashews
350g
$9.00
350g $25.72 per 1Kg
Unit Price
Add
1
for $9.00"	[]
Coles	Australian Sultana's 6 pack	$ 2 .00	240g	$8.33 per 1Kg	"Nutrition Facts
Serving size: 1 serving = 40g
Qty
Quantity
per serving Qty
Quantity
per 100g / 100ml %
Percentage
daily intake*
Energy 446.12 1115.30
Not provided
Energy Cal 106.73 266.82
Not provided
Protein 1.04 2.60
Not provided
Total Fat 0.12 0.30
Not provided
Saturated Fat 0.00 0.00
Not provided
Trans 0.00 0.00
Not provided
Carbohydrate 24.32 60.80
Not provided
Sugars 23.60 59.00
Not provided
Dietary Fibre Total 1.32 3.30
Not provided
Sodium 2.80 7.00
Not provided
Potassium 382.00 955.00
Not provided
*Percentage Daily Intake per serving. Percentage Daily Intakes are based on an average adult diet of 8700 kJ. Your daily intakes may be higher or lower depending on your energy needs.
Disclaimer:
Product details, including nutritional information and country of origin, may change from time to time and so the product you receive in your order may not reflect the information on this page. Please check the packaging on any product you purchase and if it's not what you expected, feel free to return it for a full refund.
Details
Ingredients:
INGREDIENTS: Australian Sultanas (99.5%), Vegetable Oils (Canola Oil, Sunflower Oil, Cottonseed Oil).
Allergen:
May Be Present SULPHITES
Servings Per Pack:
6.0
Storage Instructions:
Store in a cool, dry place
Code: 6657631P
6 6 5 7 6 3 1 P"	['/wcsstore/Coles-CAS/images/6/6/5/6657631-th.jpg', '/wcsstore/Coles-CAS/images/6/6/5/6657631_L-th.jpg', '/wcsstore/Coles-CAS/images/6/6/5/6657631_R-th.jpg', '/wcsstore/Coles-CAS/images/6/6/5/6657631_B-th.jpg']
Coles	Natural Almonds	$ 13 .00	750g	$17.33 per 1Kg	"Disclaimer:
Product details, including nutritional information and country of origin, may change from time to time and so the product you receive in your order may not reflect the information on this page. Please check the packaging on any product you purchase and if it's not what you expected, feel free to return it for a full refund.
Details
Country of Origin:
Product of Mixed Origin
Ingredients:
INGREDIENTS: Almonds.
Allergen:
May Be Present Walnut, May Be Present Hazelnuts, May Be Present Cashew, May Be Present Pine, May Be Present Brazil Nuts, May Be Present Pistachios, May Be Present Macadamia Nuts, Contains Almonds, May Be Present PEANUTS, May Be Present Wheat, May Be Present Gluten, May Be Present Pecan
Storage Instructions:
Store in a cool, dry place. Once opened, store in an airtight container
Warning:
Food Warnings: Despite careful inspection some fragments of shell may remain.
Code: 5207232P
5 2 0 7 2 3 2 P
Customers also purchased
Coles Natural Almonds 400g on special
Coles Natural Almonds
400g on special
$7.00
400g $17.50 per 1Kg
Unit Price
Add
1
for $7.00"	['/wcsstore/Coles-CAS/images/5/2/0/5207232-th.jpg', '/wcsstore/Coles-CAS/images/5/2/0/5207232_B-th.jpg']
Sunbeam	Yoghurt Coated Sultanas 6x30g	$ 4 .00	6 pack	$22.22 per 1Kg	"Nutrition Facts
Serving size: 1 serving = 30g
Qty
Quantity
per serving Qty
Quantity
per 100g / 100ml %
Percentage
daily intake*
Energy 636kJ 2120kJ
Not provided
Protein 1.2g 4g
Not provided
Total Fat 7.7g 25.6g
Not provided
Saturated Fat 7.2g 24.1g
Not provided
Carbohydrate 19.5g 65.1g
Not provided
Sugars 18.7g 62.4g
Not provided
Sodium 18mg 59mg
Not provided
Calcium 44mg 147mg
Not provided
*Percentage Daily Intake per serving. Percentage Daily Intakes are based on an average adult diet of 8700 kJ. Your daily intakes may be higher or lower depending on your energy needs.
Disclaimer:
Product details, including nutritional information and country of origin, may change from time to time and so the product you receive in your order may not reflect the information on this page. Please check the packaging on any product you purchase and if it's not what you expected, feel free to return it for a full refund.
Details
Ingredients:
Flavoured Yoghurt Coating (75%)(Sugar, Vegetable Oil, Yoghurt Powder (Skim Milk, Cultures), Emulsifier (322)(Soy Lecithin), Acidity Regulator (330), Glazing Agent (904)), Australian Sultanas (25%)(Vegetable Oil).
Servings Per Pack:
1.0
Storage Instructions:
Once outer seal is opened, product should be sealed in an airtight container and refrigerated
Dimensions:
71 x 152 x 45mm
Size:
180g
Code: 4483530P
4 4 8 3 5 3 0 P
Customers also purchased
Angas Park Soft & Juicy Mediterranean Apricots 225g
Angas Park Soft & Juicy Mediterranean Apricots
225g
$7.00
225g $31.11 per 1Kg
Unit Price
Add
1
for $7.00

Sunbeam Mixed Dried Fruit 375g on special
Sunbeam Mixed Dried Fruit
375g on special
$4.00
save
$1.00
375g $10.67 per 1Kg
Unit Price
Add
1
for $4.00

Coles Mango Slices 150g
Coles Mango Slices
150g
$4.60
150g $30.67 per 1Kg
Unit Price
Add
1
for $4.60

Coles Dried Pineapple Rings 200g
Coles Dried Pineapple Rings
200g
$5.10
Until 02 May 2023
200g $2.55 per 100G
Unit Price
Add
1
for $5.10"	['/wcsstore/Coles-CAS/images/4/4/8/4483530-th.jpg', '/wcsstore/Coles-CAS/images/4/4/8/4483530_L-th.jpg', '/wcsstore/Coles-CAS/images/4/4/8/4483530_R-th.jpg', '/wcsstore/Coles-CAS/images/4/4/8/4483530_B-th.jpg']
Coles	Sultana & Apple 6 Pack	$ 2 .20	150g	$14.67 per 1Kg	"Nutrition Facts
Serving size: 1 serving = 25g
Qty
Quantity
per serving Qty
Quantity
per 100g / 100ml %
Percentage
daily intake*
Energy 307.45 1229.80
Not provided
Energy Cal 73.55 294.21
Not provided
Protein 0.58 2.30
Not provided
Total Fat 0.08 0.30
Not provided
Saturated Fat 0.00 0.00
Not provided
Carbohydrate 16.70 66.80
Not provided
Sugars 15.25 61.00
Not provided
Sodium 32.75 131.00
Not provided
Potassium 171.25 685.00
Not provided
*Percentage Daily Intake per serving. Percentage Daily Intakes are based on an average adult diet of 8700 kJ. Your daily intakes may be higher or lower depending on your energy needs.
Disclaimer:
Product details, including nutritional information and country of origin, may change from time to time and so the product you receive in your order may not reflect the information on this page. Please check the packaging on any product you purchase and if it's not what you expected, feel free to return it for a full refund.
Details
Ingredients:
INGREDIENTS: Australian Sultanas (70%) [Sultanas, Vegetable Oils (Canola, Sunflower, Cottonseed)], Apple (30%) [Apple, Preservative (220)].
Allergen:
Contains SULPHITES
Servings Per Pack:
6.0
Storage Instructions:
Store in a cool, dry place
Code: 6161727P
6 1 6 1 7 2 7 P
Customers also purchased
Coles Australian Sultana's 6 pack 240g
Coles Australian Sultana's 6 pack
240g
$2.00
Until 02 May 2023
240g $8.33 per 1Kg
Unit Price
Add
1
for $2.00

Sunbeam Sultana And Cranberry 6 pack
Sunbeam Sultana And Cranberry
6 pack
$3.30
6 pack $0.55 per 1Ea
Unit Price
Add
1
for $3.30

Coles Banana Chips 200g
Coles Banana Chips
200g
$2.00
200g $10.00 per 1Kg
Unit Price
Add
1
for $2.00

Snackify Tropical Island Mix 5 pack on special
Snackify Tropical Island Mix
5 pack on special
$4.20
save
$1.80
5 pack $0.84 per 1Ea
Unit Price
Add
1
for $4.20"	['/wcsstore/Coles-CAS/images/6/1/6/6161727-th.jpg', '/wcsstore/Coles-CAS/images/6/1/6/6161727_L-th.jpg', '/wcsstore/Coles-CAS/images/6/1/6/6161727_R-th.jpg', '/wcsstore/Coles-CAS/images/6/1/6/6161727_B-th.jpg']
Sunbeam	Australian Sultanas Mini Packs 8x15g	$ 3 .00	8 pack	$2.50 per 100G	"Disclaimer:
Product details, including nutritional information and country of origin, may change from time to time and so the product you receive in your order may not reflect the information on this page. Please check the packaging on any product you purchase and if it's not what you expected, feel free to return it for a full refund.
Details
Dimensions:
49 x 147 x 47mm
Code: 5619070P
5 6 1 9 0 7 0 P
Customers also purchased
Sunbeam Sultanas Snack 6 Pack 240g
Sunbeam Sultanas Snack 6 Pack
240g
$3.00
240g $12.50 per 1Kg
Unit Price
Add
1
for $3.00

Sunbeam Sultana And Cranberry 6 pack
Sunbeam Sultana And Cranberry
6 pack
$3.30
6 pack $0.55 per 1Ea
Unit Price
Add
1
for $3.30

Snackify Tropical Island Mix 5 pack on special
Snackify Tropical Island Mix
5 pack on special
$4.20
save
$1.80
5 pack $0.84 per 1Ea
Unit Price
Add
1
for $4.20"	['/wcsstore/Coles-CAS/images/5/6/1/5619070-th.jpg', '/wcsstore/Coles-CAS/images/5/6/1/5619070_L-th.jpg', '/wcsstore/Coles-CAS/images/5/6/1/5619070_R-th.jpg']
Sunbeam	Sultana And Cranberry	$ 3 .30	6 pack	$0.55 per 1Ea	"Disclaimer:
Product details, including nutritional information and country of origin, may change from time to time and so the product you receive in your order may not reflect the information on this page. Please check the packaging on any product you purchase and if it's not what you expected, feel free to return it for a full refund.
Details
Dimensions:
68 x 146 x 43mm
Size:
234g
Code: 1877299P
1 8 7 7 2 9 9 P
Customers also purchased
Coles Australian Sultana's 6 pack 240g
Coles Australian Sultana's 6 pack
240g
$2.00
Until 02 May 2023
240g $8.33 per 1Kg
Unit Price
Add
1
for $2.00

Coles Sultana & Apple 6 Pack 150g
Coles Sultana & Apple 6 Pack
150g
$2.20
Until 02 May 2023
150g $14.67 per 1Kg
Unit Price
Add
1
for $2.20

Sunbeam Sultanas Snack 6 Pack 240g
Sunbeam Sultanas Snack 6 Pack
240g
$3.00
240g $12.50 per 1Kg
Unit Price
Add
1
for $3.00"	['/wcsstore/Coles-CAS/images/1/8/7/1877299-th.jpg', '/wcsstore/Coles-CAS/images/1/8/7/1877299_L-th.jpg', '/wcsstore/Coles-CAS/images/1/8/7/1877299_R-th.jpg', '/wcsstore/Coles-CAS/images/1/8/7/1877299_B-th.jpg']
Coles	Sweet Chilli & Lime Soy Crisps	$ 6 .00	400g	$15.00 per 1Kg	"Nutrition Facts
Serving size: 1 serving = 30g
Qty
Quantity
per serving Qty
Quantity
per 100g / 100ml %
Percentage
daily intake*
Energy 604.50 2015.00
Not provided
Energy Cal 144.62 482.06
Not provided
Protein 1.62 5.40
Not provided
Total Fat 6.99 23.30
Not provided
Saturated Fat 0.60 2.00
Not provided
Trans 0.03 0.10
Not provided
Carbohydrate 17.61 58.70
Not provided
Sugars 2.43 8.10
Not provided
Dietary Fibre Total 2.37 7.90
Not provided
Sodium 252.00 840.00
Not provided
*Percentage Daily Intake per serving. Percentage Daily Intakes are based on an average adult diet of 8700 kJ. Your daily intakes may be higher or lower depending on your energy needs.
Disclaimer:
Product details, including nutritional information and country of origin, may change from time to time and so the product you receive in your order may not reflect the information on this page. Please check the packaging on any product you purchase and if it's not what you expected, feel free to return it for a full refund.
Details
Ingredients:
INGREDIENTS: Wheat Starch, Sunflower Oil, Soybean Solids (18%), Sugar, Onion Powder, Salt, Spices (Chilli), Garlic Powder, Barley Malt Extract, Soy Sauce Powder (contains Wheat), Chives, Yeast Extract, Natural Flavour, Maltodextrin, Bamboo Fibre, Acidity Regulator (330), Maize Starch.
Allergen:
May Be Present Walnut, May Be Present Hazelnuts, May Be Present Cashew, Contains SOY, May Be Present Pine, May Be Present Brazil Nuts, May Be Present MILK, May be Present: wheat, almond, Brazil nut, cashew, hazelnut, macadamia, other tree nuts, milk, soy, May Be Present Pistachios, May Be Present Macadamia Nuts, May Be Present PEANUTS, Contains Gluten, May Be Present SESAME, Contains Wheat, May Be Present Pecan
Servings Per Pack:
13.0
Storage Instructions:
Once opened, store in an airtight container. Store in a cool, dry place
Code: 3505444P
3 5 0 5 4 4 4 P
Customers also purchased
Coles Dried Apricots 400g
Coles Dried Apricots
400g
$5.00
400g $12.50 per 1Kg
Unit Price
Add
1
for $5.00

Coles Cherries In Dark Chocolate 180g on special
Coles Cherries In Dark Chocolate
180g on special
$5.00
180g $27.78 per 1Kg
Unit Price
Add
1
for $5.00"	['/wcsstore/Coles-CAS/images/3/5/0/3505444-th.jpg', '/wcsstore/Coles-CAS/images/3/5/0/3505444_B-th.jpg']
Frisp	Freeze Dried Mango Crisps	$ 3 .50	15g	$23.33 per 100G	"Nutrition Facts
Serving size: 1 serving = 15g
Qty
Quantity
per serving Qty
Quantity
per 100g / 100ml %
Percentage
daily intake*
Energy 234kJ 1559kJ
Not provided
Protein
Less than
< 1g 3.2g
Not provided
Total Fat 1.6g 3g
Not provided
Saturated Fat 0g 0g
Not provided
Carbohydrate 12.6g 85g
Not provided
Sugars 8.6g 57g
Not provided
Dietary Fibre Total 1.4g 9.4g
Not provided
Sodium 0mg 0mg
Not provided
Gluten 0mg 0mg
Not provided
*Percentage Daily Intake per serving. Percentage Daily Intakes are based on an average adult diet of 8700 kJ. Your daily intakes may be higher or lower depending on your energy needs.
Disclaimer:
Product details, including nutritional information and country of origin, may change from time to time and so the product you receive in your order may not reflect the information on this page. Please check the packaging on any product you purchase and if it's not what you expected, feel free to return it for a full refund.
Details
Country of Origin:
Product of Thailand
Ingredients:
100% Mango
Allergen:
Free From Tree Nuts, Free From Milk, Free From Gluten, Free From Peanuts, Free From Soybean
Dietary:
No Added Sugars, No Preservatives
Servings Per Pack:
1.0
Dimensions:
155 x 120 x 30mm
Usage Instructions:
Servings Per Pack: 1, Serving Size: 15g
Code: 5612503P
5 6 1 2 5 0 3 P
Customers also purchased
Angas Park Dried Apples 200g on special
Angas Park Dried Apples
200g on special
$3.50
save
$0.90
200g $17.50 per 1Kg
Unit Price
Add
1
for $3.50

Coles Dried Premium Pears 180g
Coles Dried Premium Pears
180g
$5.00
180g $27.78 per 1Kg
Unit Price
Add
1
for $5.00

Coles Tropical Fruit Mix 300g
Coles Tropical Fruit Mix
300g
$6.00
300g $20.00 per 1Kg
Unit Price
Add
1
for $6.00"	['/wcsstore/Coles-CAS/images/5/6/1/5612503-th.jpg', '/wcsstore/Coles-CAS/images/5/6/1/5612503_B-th.jpg']
Frisp	Freeze Dried Strawberry Crisps	$ 3 .50	15g	$23.33 per 100G	"Nutrition Facts
Serving size: 1 serving = 15g
Qty
Quantity
per serving Qty
Quantity
per 100g / 100ml %
Percentage
daily intake*
Energy 231kJ 1540kJ
Not provided
Protein 0.95g 6.3g
Not provided
Total Fat 0g 0g
Not provided
Saturated Fat 0g 0g
Not provided
Carbohydrate 14.7g 98.2g
Not provided
Sugars 10.4g 69.4g
Not provided
Dietary Fibre Total 1.5g 10g
Not provided
Sodium 1.1mg 7mg
Not provided
Gluten 0mg 0mg
Not provided
*Percentage Daily Intake per serving. Percentage Daily Intakes are based on an average adult diet of 8700 kJ. Your daily intakes may be higher or lower depending on your energy needs.
Disclaimer:
Product details, including nutritional information and country of origin, may change from time to time and so the product you receive in your order may not reflect the information on this page. Please check the packaging on any product you purchase and if it's not what you expected, feel free to return it for a full refund.
Details
Country of Origin:
Made in Thailand
Ingredients:
Strawberry, Sugar
Allergen:
Free From Tree Nuts, Free From Milk, Free From Gluten, Free From Peanuts, Free From Soybean
Dietary:
No Preservatives
Servings Per Pack:
1.0
Dimensions:
155 x 120 x 30mm
Usage Instructions:
Servings Per Pack: 1, Serving Size: 15g
Code: 5612490P
5 6 1 2 4 9 0 P
Customers also purchased
Angas Park Dried Apples 200g on special
Angas Park Dried Apples
200g on special
$3.50
save
$0.90
200g $17.50 per 1Kg
Unit Price
Add
1
for $3.50

Coles Goji Berries 150g
Coles Goji Berries
150g
$4.70
150g $31.34 per 1Kg
Unit Price
Add
1
for $4.70

Sunbeam Yoghurt Coated Sultanas 6x30g 6 pack
Sunbeam Yoghurt Coated Sultanas 6x30g
6 pack
$4.00
6 pack $22.22 per 1Kg
Unit Price
Add
1
for $4.00"	['/wcsstore/Coles-CAS/images/5/6/1/5612490-th.jpg', '/wcsstore/Coles-CAS/images/5/6/1/5612490_R-th.jpg', '/wcsstore/Coles-CAS/images/5/6/1/5612490_B-th.jpg']
Angas Park	Dried Apples	$ 3 .50	200g	$17.50 per 1Kg	"Disclaimer:
Product details, including nutritional information and country of origin, may change from time to time and so the product you receive in your order may not reflect the information on this page. Please check the packaging on any product you purchase and if it's not what you expected, feel free to return it for a full refund.
Code: 9202172P
9 2 0 2 1 7 2 P
Customers also purchased
Ocean Spray Dried Craisins Regular Cranberries 170g
Ocean Spray Dried Craisins Regular Cranberries
170g
$4.00
170g $23.53 per 1Kg
Unit Price
Add
1
for $4.00

Angas Park Fancy Large Dried Apricots 200g
Angas Park Fancy Large Dried Apricots
200g
$8.00
200g $40.00 per 1Kg
Unit Price
Add
1
for $8.00

Coles Turkish Dried Apricots 500g everyday product
Coles Turkish Dried Apricots
500g everyday product
$6.00
500g $12.00 per 1Kg
Unit Price
Add
1
for $6.00

Coles Mango Slices 150g
Coles Mango Slices
150g
$4.60
150g $30.67 per 1Kg
Unit Price
Add
1
for $4.60"	['/wcsstore/Coles-CAS/images/9/2/0/9202172-th.jpg', '/wcsstore/Coles-CAS/images/9/2/0/9202172_B-th.jpg']
Nibblish	Gently Baked Mango	$ 5 .50	80g	$6.88 per 100G	"Nutrition Facts
Serving size: 1 serving = 20g
Qty
Quantity
per serving Qty
Quantity
per 100g / 100ml %
Percentage
daily intake*
Energy 248kJ 1239kJ
Not provided
Protein 0.6g 2.9g
Not provided
Total Fat 0g 0.3g
Not provided
Saturated Fat 0g 0.1g
Not provided
Carbohydrate 13.6g 68.2g
Not provided
Sugars 11.3g 56.6g
Not provided
Sodium 0mg 0mg
Not provided
*Percentage Daily Intake per serving. Percentage Daily Intakes are based on an average adult diet of 8700 kJ. Your daily intakes may be higher or lower depending on your energy needs.
Disclaimer:
Product details, including nutritional information and country of origin, may change from time to time and so the product you receive in your order may not reflect the information on this page. Please check the packaging on any product you purchase and if it's not what you expected, feel free to return it for a full refund.
Details
Country of Origin:
Product of Mixed Origin
Ingredients:
Just mangoes and nothing else
Allergen:
Free From Tree Nuts, Free From Sulphites, Free From Cereals
Dietary:
No Preservatives
Servings Per Pack:
4.0
Storage Instructions:
Store in a cool spot below 30 degrees.
Suitable for:
Nibblish Fruit is just 100% fruit so is perfect for families looking for a healthy snack. Whether its for a lunchbox, a gym bag or for your desk drawer at work Nibblish is the perfect healthy snack.
Dimensions:
170 x 135 x 40mm
Usage Instructions:
Just eat it quick before anyone else finds the bag ;)
Size:
80g
Code: 5616129P
5 6 1 6 1 2 9 P"	['/wcsstore/Coles-CAS/images/5/6/1/5616129-th.jpg', '/wcsstore/Coles-CAS/images/5/6/1/5616129_B-th.jpg']
Sunbeam	Strawberry Yoghurt Covered Sultanas 6x40g	$ 5 .00	6 pack	$2.08 per 100G	"Nutrition Facts
Serving size: 1 serving = 30g
Qty
Quantity
per serving Qty
Quantity
per 100g / 100ml %
Percentage
daily intake*
Energy 645kJ 2150kJ
Not provided
Protein 1.1g 3.6g
Not provided
Total Fat 8.1g 26.9g
Not provided
Saturated Fat 7.7g 25.6g
Not provided
Carbohydrate 19.2g 64.1g
Not provided
Sugars 18.9g 63g
Not provided
Sodium 17mg 57mg
Not provided
*Percentage Daily Intake per serving. Percentage Daily Intakes are based on an average adult diet of 8700 kJ. Your daily intakes may be higher or lower depending on your energy needs.
Disclaimer:
Product details, including nutritional information and country of origin, may change from time to time and so the product you receive in your order may not reflect the information on this page. Please check the packaging on any product you purchase and if it's not what you expected, feel free to return it for a full refund.
Details
Ingredients:
Strawberry Flavoured Yoghurt Coating (75%)(Sugar, Vegetable Oil, Milk Solids, Yoghurt Powder (Milk, Cultures), Natural Colour (162), Natural Flavour, Emulsifier (322)(Soy Lecithin), Acidity Regulator (330), Glazing Agent (904)), Australian Sultanas (25%)(Vegetable Oil).
Servings Per Pack:
1.0
Storage Instructions:
Store in a cool, dry place
Dimensions:
71 x 152 x 45mm
Size:
180g
Code: 5619069P
5 6 1 9 0 6 9 P
Customers also purchased
Sunbeam Sultana And Cranberry 6 pack
Sunbeam Sultana And Cranberry
6 pack
$3.30
6 pack $0.55 per 1Ea
Unit Price
Add
1
for $3.30

Coles Banana Chips 200g
Coles Banana Chips
200g
$2.00
200g $10.00 per 1Kg
Unit Price
Add
1
for $2.00"	['/wcsstore/Coles-CAS/images/5/6/1/5619069-th.jpg', '/wcsstore/Coles-CAS/images/5/6/1/5619069_L-th.jpg', '/wcsstore/Coles-CAS/images/5/6/1/5619069_R-th.jpg', '/wcsstore/Coles-CAS/images/5/6/1/5619069_B-th.jpg']
Nibblish	Gently Baked Pineapple	$ 5 .50	80g	$6.88 per 100G	"Nutrition Facts
Serving size: 1 serving = 20g
Qty
Quantity
per serving Qty
Quantity
per 100g / 100ml %
Percentage
daily intake*
Energy 240kJ 1200kJ
Not provided
Protein 0.4g 2g
Not provided
Total Fat 0.1g 0.6g
Not provided
Saturated Fat 0g 0.2g
Not provided
Carbohydrate 13.9g 69.3g
Not provided
Sugars 11.4g 57.2g
Not provided
Sodium 1.2mg 5.9mg
Not provided
*Percentage Daily Intake per serving. Percentage Daily Intakes are based on an average adult diet of 8700 kJ. Your daily intakes may be higher or lower depending on your energy needs.
Disclaimer:
Product details, including nutritional information and country of origin, may change from time to time and so the product you receive in your order may not reflect the information on this page. Please check the packaging on any product you purchase and if it's not what you expected, feel free to return it for a full refund.
Details
Ingredients:
Just pineapples and nothing else
Allergen:
Free From Tree Nuts, Free From Sulphites, Free From Cereals
Dietary:
No Preservatives
Servings Per Pack:
4.0
Storage Instructions:
Store in a cool spot below 30 degrees.
Suitable for:
Nibblish Fruit is just 100% fruit so is perfect for families looking for a healthy snack. Whether its for a lunchbox, a gym bag or for your desk drawer at work Nibblish is the perfect healthy snack.
Dimensions:
170 x 135 x 40mm
Usage Instructions:
Just eat it quick before anyone else finds the bag ;)
Size:
80g
Code: 5616140P
5 6 1 6 1 4 0 P"	['/wcsstore/Coles-CAS/images/5/6/1/5616140-th.jpg', '/wcsstore/Coles-CAS/images/5/6/1/5616140_B-th.jpg']
Snackify	Beat Box Mix	$ 4 .20	5 pack	$0.84 per 1Ea	"Nutrition Facts
Serving size: 1 serving = 25g
Qty
Quantity
per serving Qty
Quantity
per 100g / 100ml %
Percentage
daily intake*
Energy 578kJ 2310kJ
Not provided
Protein 3g 12.1g
Not provided
Total Fat 9.8g 39.3g
Not provided
Saturated Fat 4.5g 17.8g
Not provided
Carbohydrate 10.5g 41.9g
Not provided
Sugars 7.7g 30.9g
Not provided
Sodium 3mg 10mg
Not provided
*Percentage Daily Intake per serving. Percentage Daily Intakes are based on an average adult diet of 8700 kJ. Your daily intakes may be higher or lower depending on your energy needs.
Disclaimer:
Product details, including nutritional information and country of origin, may change from time to time and so the product you receive in your order may not reflect the information on this page. Please check the packaging on any product you purchase and if it's not what you expected, feel free to return it for a full refund.
Details
Ingredients:
Almonds (30%), Dark Choc Chip (26%) (Sugar, Vegetable Fat, Cocoa Powder, Emulsifier (Sunflower Lecithin), Natural Flavour), Dried Cherries (15%) (Cherries, Sugar, Sunflower Oil), Coconut (15%), Cashews (14%).
Allergen:
May Contain Soybean, May Contain Sulphites, May Contain Milk, May Contain Peanuts, May Contain Wheat, Contains Almonds, May Contain Tree Nuts, May Contain Sesame Seeds, May Contain Lupin, Contains Cashew
Environmental:
Conditionally Recyclable, Recyclable
Servings Per Pack:
1.0
Storage Instructions:
Keep in a cool, dry place away from direct sunlight.
Dimensions:
150 x 138 x 44mm
Size:
125g
Code: 5618394P
5 6 1 8 3 9 4 P
Customers also purchased
Sunbeam Sultanas Snack 6 Pack 240g
Sunbeam Sultanas Snack 6 Pack
240g
$3.00
240g $12.50 per 1Kg
Unit Price
Add
1
for $3.00

Harvest Box Classic Chocolate Dipped Almonds Multipack 5x20g 5 pack
Harvest Box Classic Chocolate Dipped Almonds Multipack 5x20g
5 pack
$6.95
5 pack $69.50 per 1Kg
Unit Price
Add
1
for $6.95

Snackify Tropical Island Mix 5 pack on special
Snackify Tropical Island Mix
5 pack on special
$4.20
save
$1.80
5 pack $0.84 per 1Ea
Unit Price
Add
1
for $4.20

Snackify White Choc Rocky Road Mix 5 pack on special
Snackify White Choc Rocky Road Mix
5 pack on special
$4.20
save
$1.80
5 pack $0.84 per 1Ea
Unit Price
Add
1
for $4.20"	['/wcsstore/Coles-CAS/images/5/6/1/5618394-th.jpg', '/wcsstore/Coles-CAS/images/5/6/1/5618394_L-th.jpg', '/wcsstore/Coles-CAS/images/5/6/1/5618394_B-th.jpg']
Ocean Spray	Reduced Sugar Raspberry Lemonade Craisins 25g	$ 3 .00	5 pack	$0.60 per 1Ea	"Disclaimer:
Product details, including nutritional information and country of origin, may change from time to time and so the product you receive in your order may not reflect the information on this page. Please check the packaging on any product you purchase and if it's not what you expected, feel free to return it for a full refund.
Details
Country of Origin:
Made in United States of America with local and imported ingredients
Code: 5615498P
5 6 1 5 4 9 8 P
Customers also purchased
Coles Banana Chips 200g
Coles Banana Chips
200g
$2.00
200g $10.00 per 1Kg
Unit Price
Add
1
for $2.00"	['/wcsstore/Coles-CAS/images/5/6/1/5615498-th.jpg', '/wcsstore/Coles-CAS/images/5/6/1/5615498_L-th.jpg', '/wcsstore/Coles-CAS/images/5/6/1/5615498_R-th.jpg', '/wcsstore/Coles-CAS/images/5/6/1/5615498_B-th.jpg']
Coles	Tropical Fruit Mix	$ 6 .00	300g	$20.00 per 1Kg	"Nutrition Facts
Serving size: 1 serving = 30g
Qty
Quantity
per serving Qty
Quantity
per 100g / 100ml %
Percentage
daily intake*
Energy 417 1390
Not provided
Energy Cal 100 333
Not provided
Protein LESS THAN 1g 1.6
Not provided
Total Fat LESS THAN 1g LESS THAN 1g
Not provided
Saturated Fat LESS THAN 1g LESS THAN 1g
Not provided
Trans 0.01 0.03 0
Carbohydrate 22.5 74.9
Not provided
Sugars 17.7 59 0
Dietary Fibre Total 2.7 9 0
Sodium 66 220
Not provided
*Percentage Daily Intake per serving. Percentage Daily Intakes are based on an average adult diet of 8700 kJ. Your daily intakes may be higher or lower depending on your energy needs.
Disclaimer:
Product details, including nutritional information and country of origin, may change from time to time and so the product you receive in your order may not reflect the information on this page. Please check the packaging on any product you purchase and if it's not what you expected, feel free to return it for a full refund.
Details
Ingredients:
INGREDIENTS: Mango (23%), Pineapple (22%), Rockmelon (17%), Coconut (15%), Sugar, Acidity Regulator (Citric Acid), Preservative (223).
Allergen:
May Be Present SOY, May Be Present MILK, Contains SULPHITES, May Be Present TREE NUTS, May Be Present PEANUTS, May Be Present SESAME, May Be Present CEREALS CONTAINING GLUTEN
Servings Per Pack:
10.0
Storage Instructions:
Seal tightly after openingrnStore in a cool, dry place
Code: 4448776P
4 4 4 8 7 7 6 P
Customers also purchased
Coles Dried Mixed Fruit 1kg
Coles Dried Mixed Fruit
1kg
$5.50
Until 02 May 2023
1kg $5.50 per 1Kg
Unit Price
Add
1
for $5.50

Angas Park Fruit Medley Dried 375g
Angas Park Fruit Medley Dried
375g
$9.00
375g $24.00 per 1Kg
Unit Price
Add
1
for $9.00

Angas Park Dried Apples 200g on special
Angas Park Dried Apples
200g on special
$3.50
save
$0.90
200g $17.50 per 1Kg
Unit Price
Add
1
for $3.50

Coles Dried Apple Slices 200g
Coles Dried Apple Slices
200g
$3.84
Until 02 May 2023
200g $1.92 per 100G
Unit Price
Add
1
for $3.84"	['/wcsstore/Coles-CAS/images/4/4/4/4448776-th.jpg', '/wcsstore/Coles-CAS/images/4/4/4/4448776_B-th.jpg']
Nibblish	Gently Baked Strawberry	$ 5 .50	80g	$6.88 per 100G	"Disclaimer:
Product details, including nutritional information and country of origin, may change from time to time and so the product you receive in your order may not reflect the information on this page. Please check the packaging on any product you purchase and if it's not what you expected, feel free to return it for a full refund.
Details
Country of Origin:
Made in China
Code: 5616446P
5 6 1 6 4 4 6 P"	['/wcsstore/Coles-CAS/images/5/6/1/5616446-th.jpg', '/wcsstore/Coles-CAS/images/5/6/1/5616446_B-th.jpg']
Snackify	Tropical Island Mix	$ 4 .20	5 pack	$0.84 per 1Ea	"Nutrition Facts
Serving size: 1 serving = 25g
Qty
Quantity
per serving Qty
Quantity
per 100g / 100ml %
Percentage
daily intake*
Energy 533kJ 2130kJ
Not provided
Protein 2.6g 10.5g
Not provided
Total Fat 7.2g 28.6g
Not provided
Saturated Fat 5.1g 20.2g
Not provided
Carbohydrate 14.8g 59.4g
Not provided
Sugars 9.8g 39.1g
Not provided
Sodium 19mg 77mg
Not provided
*Percentage Daily Intake per serving. Percentage Daily Intakes are based on an average adult diet of 8700 kJ. Your daily intakes may be higher or lower depending on your energy needs.
Disclaimer:
Product details, including nutritional information and country of origin, may change from time to time and so the product you receive in your order may not reflect the information on this page. Please check the packaging on any product you purchase and if it's not what you expected, feel free to return it for a full refund.
Details
Ingredients:
Dried Mango (30%) (Mango, Sugar, Acidity Regulator (Citric Acid), Preservative (223) (Sulphites)), Banana Chips (24%) (Bananas, Coconut Oil, Sugar, Natural Flavour), White Choc Gems (23%) (Sugar, Vegetable Fat, Whey Powder (Milk), Emulsifier (Soy Lecithin), Natural Flavour), Macadamias (12%), Coconut (11%).
Allergen:
Contains Soybean, Contains Macadamia Nuts, May Contain Peanuts, May Contain Wheat, May Contain Tree Nuts, May Contain Sesame Seeds, May Contain Lupin, Contains Milk, Contains Sulphites
Environmental:
Conditionally Recyclable, Recyclable
Servings Per Pack:
1.0
Storage Instructions:
Keep in a cool, dry place away from direct sunlight.
Dimensions:
150 x 138 x 44mm
Size:
125g
Code: 5618430P
5 6 1 8 4 3 0 P
Customers also purchased
Harvest Box Classic Chocolate Dipped Almonds Multipack 5x20g 5 pack
Harvest Box Classic Chocolate Dipped Almonds Multipack 5x20g
5 pack
$6.95
5 pack $69.50 per 1Kg
Unit Price
Add
1
for $6.95

Snackify Beat Box Mix 5 pack on special
Snackify Beat Box Mix
5 pack on special
$4.20
save
$1.80
5 pack $0.84 per 1Ea
Unit Price
Add
1
for $4.20

Snackify White Choc Rocky Road Mix 5 pack on special
Snackify White Choc Rocky Road Mix
5 pack on special
$4.20
save
$1.80
5 pack $0.84 per 1Ea
Unit Price
Add
1
for $4.20"	['/wcsstore/Coles-CAS/images/5/6/1/5618430-th.jpg', '/wcsstore/Coles-CAS/images/5/6/1/5618430_L-th.jpg', '/wcsstore/Coles-CAS/images/5/6/1/5618430_B-th.jpg']
Ocean Spray	Reduced Sugar Original Craisins Snack Pack	$ 3 .00	5 pack	$0.60 per 1Ea	"Disclaimer:
Product details, including nutritional information and country of origin, may change from time to time and so the product you receive in your order may not reflect the information on this page. Please check the packaging on any product you purchase and if it's not what you expected, feel free to return it for a full refund.
Details
Country of Origin:
Made in United States of America with local and imported ingredients
Code: 5615523P
5 6 1 5 5 2 3 P
Customers also purchased
Snackify Tropical Island Mix 5 pack on special
Snackify Tropical Island Mix
5 pack on special
$4.20
save
$1.80
5 pack $0.84 per 1Ea
Unit Price
Add
1
for $4.20

Snackify Beat Box Mix 5 pack on special
Snackify Beat Box Mix
5 pack on special
$4.20
save
$1.80
5 pack $0.84 per 1Ea
Unit Price
Add
1
for $4.20

Snackify White Choc Rocky Road Mix 5 pack on special
Snackify White Choc Rocky Road Mix
5 pack on special
$4.20
save
$1.80
5 pack $0.84 per 1Ea
Unit Price
Add
1
for $4.20"	['/wcsstore/Coles-CAS/images/5/6/1/5615523-th.jpg', '/wcsstore/Coles-CAS/images/5/6/1/5615523_L-th.jpg', '/wcsstore/Coles-CAS/images/5/6/1/5615523_R-th.jpg', '/wcsstore/Coles-CAS/images/5/6/1/5615523_B-th.jpg']
Snackify	White Choc Rocky Road Mix	$ 4 .20	5 pack	$0.84 per 1Ea	"Nutrition Facts
Serving size: 1 serving = 27g
Qty
Quantity
per serving Qty
Quantity
per 100g / 100ml %
Percentage
daily intake*
Energy 577kJ 2140kJ
Not provided
Protein 2.5g 9.3g
Not provided
Total Fat 8.1g 30.1g
Not provided
Saturated Fat 3g 11.1g
Not provided
Carbohydrate 13.9g 51.4g
Not provided
Sugars 11.5g 42.5g
Not provided
Sodium 12mg 43mg
Not provided
*Percentage Daily Intake per serving. Percentage Daily Intakes are based on an average adult diet of 8700 kJ. Your daily intakes may be higher or lower depending on your energy needs.
Disclaimer:
Product details, including nutritional information and country of origin, may change from time to time and so the product you receive in your order may not reflect the information on this page. Please check the packaging on any product you purchase and if it's not what you expected, feel free to return it for a full refund.
Details
Ingredients:
Almonds (32%), White Choc Gems (31%) (Sugar, Vegetable Fat, Whey Powder (Milk), Emulsifier (Soy Lecithin), Natural Flavour), Dried Cranberries (30%) (Cranberries, Sugar, Citric Acid, Vegetable Oil, Aronia Juice Concentrate), Pistachios (7%).
Allergen:
Contains Soybean, May Contain Sulphites, Contains Pistachios, May Contain Peanuts, May Contain Wheat, Contains Almonds, May Contain Tree Nuts, May Contain Sesame Seeds, May Contain Lupin, Contains Milk
Environmental:
Conditionally Recyclable, Recyclable
Servings Per Pack:
1.0
Storage Instructions:
Keep in a cool, dry place away from direct sunlight.
Dimensions:
150 x 138 x 44mm
Size:
135g
Code: 5617959P
5 6 1 7 9 5 9 P
Customers also purchased
Sunbeam Sultana And Cranberry 6 pack
Sunbeam Sultana And Cranberry
6 pack
$3.30
6 pack $0.55 per 1Ea
Unit Price
Add
1
for $3.30

Harvest Box Classic Chocolate Dipped Almonds Multipack 5x20g 5 pack
Harvest Box Classic Chocolate Dipped Almonds Multipack 5x20g
5 pack
$6.95
5 pack $69.50 per 1Kg
Unit Price
Add
1
for $6.95

Snackify Tropical Island Mix 5 pack on special
Snackify Tropical Island Mix
5 pack on special
$4.20
save
$1.80
5 pack $0.84 per 1Ea
Unit Price
Add
1
for $4.20

Snackify Beat Box Mix 5 pack on special
Snackify Beat Box Mix
5 pack on special
$4.20
save
$1.80
5 pack $0.84 per 1Ea
Unit Price
Add
1
for $4.20"	['/wcsstore/Coles-CAS/images/5/6/1/5617959-th.jpg', '/wcsstore/Coles-CAS/images/5/6/1/5617959_L-th.jpg', '/wcsstore/Coles-CAS/images/5/6/1/5617959_B-th.jpg']
Ocean Spray	Reduced Sugar Strawbe Kiwi Craisins Snack Pack	$ 3 .00	5 pack	$0.60 per 1Ea	"Disclaimer:
Product details, including nutritional information and country of origin, may change from time to time and so the product you receive in your order may not reflect the information on this page. Please check the packaging on any product you purchase and if it's not what you expected, feel free to return it for a full refund.
Details
Country of Origin:
Made in United States of America with local and imported ingredients
Code: 5615534P
5 6 1 5 5 3 4 P
Customers also purchased
Snackify Tropical Island Mix 5 pack on special
Snackify Tropical Island Mix
5 pack on special
$4.20
save
$1.80
5 pack $0.84 per 1Ea
Unit Price
Add
1
for $4.20

Snackify White Choc Rocky Road Mix 5 pack on special
Snackify White Choc Rocky Road Mix
5 pack on special
$4.20
save
$1.80
5 pack $0.84 per 1Ea
Unit Price
Add
1
for $4.20"	['/wcsstore/Coles-CAS/images/5/6/1/5615534-th.jpg', '/wcsstore/Coles-CAS/images/5/6/1/5615534_L-th.jpg', '/wcsstore/Coles-CAS/images/5/6/1/5615534_R-th.jpg', '/wcsstore/Coles-CAS/images/5/6/1/5615534_B-th.jpg']
Fresh	Bananas	$ 0 .72	approx. 180g	$4.00 per 1Kg	"Disclaimer:
Product details, including nutritional information and country of origin, may change from time to time and so the product you receive in your order may not reflect the information on this page. Please check the packaging on any product you purchase and if it's not what you expected, feel free to return it for a full refund.
Code: 409499P
4 0 9 4 9 9 P"	[]
Fresh	Strawberries Prepacked	$ 3 .70	250g	$14.80 per 1Kg	"Disclaimer:
Product details, including nutritional information and country of origin, may change from time to time and so the product you receive in your order may not reflect the information on this page. Please check the packaging on any product you purchase and if it's not what you expected, feel free to return it for a full refund.
Code: 5191256P
5 1 9 1 2 5 6 P"	[]
Coles	Seedless Watermelon Cut	$ 4 .97	approx 1.99 kg	$2.50 per 1Kg	"Disclaimer:
Product details, including nutritional information and country of origin, may change from time to time and so the product you receive in your order may not reflect the information on this page. Please check the packaging on any product you purchase and if it's not what you expected, feel free to return it for a full refund.
Code: 7508229P
7 5 0 8 2 2 9 P"	['/wcsstore/Coles-CAS/images/7/5/0/7508229-th.jpg', '/wcsstore/Coles-CAS/images/7/5/0/7508229_L-th.jpg', '/wcsstore/Coles-CAS/images/7/5/0/7508229_R-th.jpg', '/wcsstore/Coles-CAS/images/7/5/0/7508229_B-th.jpg']
Coles	Grape Perino Tomatoes Prepacked	$ 4 .90	200g	$24.50 per 1Kg	"Disclaimer:
Product details, including nutritional information and country of origin, may change from time to time and so the product you receive in your order may not reflect the information on this page. Please check the packaging on any product you purchase and if it's not what you expected, feel free to return it for a full refund.
Code: 7265535P
7 2 6 5 5 3 5 P
Customers also purchased
Coles Cocktail Truss Tomatoes 250g on special
Coles Cocktail Truss Tomatoes
250g on special
$2.90
250g $11.60 per 1Kg
Unit Price
Add
1
for $2.90

Coles Mini Tomatoes 125g
Coles Mini Tomatoes
125g
$4.90
125g $39.20 per 1Kg
Unit Price
Add
1
for $4.90"	['/wcsstore/Coles-CAS/images/7/2/6/7265535-th.jpg', '/wcsstore/Coles-CAS/images/7/2/6/7265535_B-th.jpg']
Coles	Pink Lady Apples	$ 1 .30	approx. 200g	$6.50 per 1Kg	"Disclaimer:
Product details, including nutritional information and country of origin, may change from time to time and so the product you receive in your order may not reflect the information on this page. Please check the packaging on any product you purchase and if it's not what you expected, feel free to return it for a full refund.
Details
Features:
Pink Ladys are a popular apple variety that is known for its brilliant pink blush colour that covers its vivid green-yellow skin. Contrary to popular belief, the pink blush is not an indicator of sweetness as different varieties of Pink Lady apples have differing amounts of colouring, it is in fact the yellow undercoat under the blush that indicates its sweetness!The crunchy white flesh of these apples creates an almost fizz like burst of flavour with each bite. Their sweet and slightly tarty flavour makes them a perfect lunchbox healthy snack for the kids!Apples are a great source of Vitamin C along with calcium, iron, boron and pectin with most of the nutrients directly under the skin, this is why is it healthier to eat your apples with their skin on.
Code: 5111654P
5 1 1 1 6 5 4 P"	[]
Coles	Kids Pack Bananas	$ 4 .00	750g	$5.33 per 1Kg	"Disclaimer:
Product details, including nutritional information and country of origin, may change from time to time and so the product you receive in your order may not reflect the information on this page. Please check the packaging on any product you purchase and if it's not what you expected, feel free to return it for a full refund.
Code: 2511791P
2 5 1 1 7 9 1 P"	['/wcsstore/Coles-CAS/images/2/5/1/2511791-th.jpg', '/wcsstore/Coles-CAS/images/2/5/1/2511791_L-th.jpg']
Coles	Baby Cucumbers	$ 4 .50	250g	$18.00 per 1Kg	"Disclaimer:
Product details, including nutritional information and country of origin, may change from time to time and so the product you receive in your order may not reflect the information on this page. Please check the packaging on any product you purchase and if it's not what you expected, feel free to return it for a full refund.
Details
Servings Per Pack:
4.0
Code: 4578148P
4 5 7 8 1 4 8 P
Customers also purchased
Coles Green Cucumber
Coles Green Cucumber
$2.90
$2.90 per 1Ea
Unit Price
Add
1
for $2.90

Coles Continental Cucumbers Loose
Coles Continental Cucumbers Loose
$3.50
$3.50 per 1Ea
Unit Price
Add
1
for $3.50

Coles Mini Q's Cucumber 125g
Coles Mini Q's Cucumber
125g
$4.90
125g $39.20 per 1Kg
Unit Price
Add
1
for $4.90"	['/wcsstore/Coles-CAS/images/4/5/7/4578148-th.jpg', '/wcsstore/Coles-CAS/images/4/5/7/4578148_L-th.jpg', '/wcsstore/Coles-CAS/images/4/5/7/4578148_R-th.jpg', '/wcsstore/Coles-CAS/images/4/5/7/4578148_B-th.jpg']
Fresh	Medium Navel Oranges	$ 1 .24	approx. 180g	$6.90 per 1Kg	"Disclaimer:
Product details, including nutritional information and country of origin, may change from time to time and so the product you receive in your order may not reflect the information on this page. Please check the packaging on any product you purchase and if it's not what you expected, feel free to return it for a full refund.
Details
Country of Origin:
Product of USA
Code: 4255717P
4 2 5 5 7 1 7 P
Customers also purchased
Coles Cara Cara Oranges approx.170g
Coles Cara Cara Oranges
approx.170g
$1.51
approx.170g $8.90 per 1Ea
Unit Price
Price is an estimate
Add
170g
for $1.51"	[]
Coles	Cherry Tomatoes Prepacked	$ 2 .00	250g	$8.00 per 1Kg	"Disclaimer:
Product details, including nutritional information and country of origin, may change from time to time and so the product you receive in your order may not reflect the information on this page. Please check the packaging on any product you purchase and if it's not what you expected, feel free to return it for a full refund.
Code: 4834736P
4 8 3 4 7 3 6 P
Customers also purchased
Coles Vine Ripened Tomatoes Prepacked 500g
Coles Vine Ripened Tomatoes Prepacked
500g
$4.50
500g $9.00 per 1Kg
Unit Price
Add
1
for $4.50

Coles Tomatoes Gourmet 1Kg
Coles Tomatoes Gourmet 1Kg
$5.90
$5.90 per 1Kg
Unit Price
Add
1
for $5.90

Coles Tomatoes Kumato 500g on special
Coles Tomatoes Kumato
500g on special
$5.50
500g $11.00 per 1Kg
Unit Price
Add
1
for $5.50

Coles Roma Tomatoes 480g
Coles Roma Tomatoes
480g
$5.50
480g $11.46 per 1Kg
Unit Price
Add
1
for $5.50"	['/wcsstore/Coles-CAS/images/4/8/3/4834736-th.jpg', '/wcsstore/Coles-CAS/images/4/8/3/4834736_L-th.jpg', '/wcsstore/Coles-CAS/images/4/8/3/4834736_R-th.jpg', '/wcsstore/Coles-CAS/images/4/8/3/4834736_B-th.jpg']
Coles	Royal Gala Apples Loose	$ 0 .72	approx. 160g	$4.50 per 1Kg	"Disclaimer:
Product details, including nutritional information and country of origin, may change from time to time and so the product you receive in your order may not reflect the information on this page. Please check the packaging on any product you purchase and if it's not what you expected, feel free to return it for a full refund.
Code: 5226000P
5 2 2 6 0 0 0 P
Customers also purchased
Coles Pink Lady Apples approx. 200g
Coles Pink Lady Apples
approx. 200g
$1.30
approx. 200g $6.50 per 1Kg
Unit Price
Price is an estimate
Add
1
for $1.30

Fresh Granny Smith Medium Apples approx. 170g
Fresh Granny Smith Medium Apples
approx. 170g
$0.83
approx. 170g $4.90 per 1Kg
Unit Price
Price is an estimate
Add
1
for $0.83

Coles I'M Perfect Apples Prepacked 2kg
Coles I'M Perfect Apples Prepacked
2kg
$6.50
2kg $3.25 per 1Kg
Unit Price
Add
1
for $6.50"	[]
Birds Eye	Frozen Fish Fillets With Original Crumb Oven Bake 6 pack	$ 10 .50	425g	$24.71 per 1Kg	"Nutrition Facts
Serving size: 1 serving = 141g
Qty
Quantity
per serving Qty
Quantity
per 100g / 100ml %
Percentage
daily intake*
Energy 1240kJ 878kJ
Not provided
Protein 17.1g 12.1g
Not provided
Total Fat 12.4g 8.8g
Not provided
Saturated Fat 1.3g 0.9g
Not provided
Trans 0.1g 0.1g
Not provided
Polyunsaturated 3.4g 2.4g
Not provided
Mono Unsaturated 7.8g 5.5g
Not provided
Carbohydrate 27.9g 19.8g
Not provided
Sugars 5.4g 3.8g
Not provided
Dietary Fibre Total 1.8g 1.3g
Not provided
Sodium 353mg 250mg
Not provided
*Percentage Daily Intake per serving. Percentage Daily Intakes are based on an average adult diet of 8700 kJ. Your daily intakes may be higher or lower depending on your energy needs.
Disclaimer:
Product details, including nutritional information and country of origin, may change from time to time and so the product you receive in your order may not reflect the information on this page. Please check the packaging on any product you purchase and if it's not what you expected, feel free to return it for a full refund.
Details
Ingredients:
New Zealand hoki fillets (*fish*) (51%). Crumb coating (49%) (*wheat* flour, water, canola oil, *wheat* starch, tapioca starch, potato starch, salt, glucose, *wheat* gluten, chia flour, yeast, sugar, black pepper). *Contains wheat, gluten, fish.*
Allergen:
Contains Fish, Contains Gluten, Contains Wheat
Servings Per Pack:
3.0
Dimensions:
185 x 149 x 55mm
Size:
425g
Preparation Instructions:
Refer to pack
Code: 84452P
8 4 4 5 2 P
Customers also purchased
Birds Eye Frozen Fish Fillets With Original Lightly Battered Oven Bake 6 Pack 425g
Birds Eye Frozen Fish Fillets With Original Lightly Battered Oven Bake 6 Pack
425g
$10.50
425g $24.71 per 1Kg
Unit Price
Add
1
for $10.50

Birds Eye Frozen Fish Fillets With Herb & Garlic Crumb Oven Bake 6 pack 425g
Birds Eye Frozen Fish Fillets With Herb & Garlic Crumb Oven Bake 6 pack
425g
$10.50
425g $24.71 per 1Kg
Unit Price
Add
1
for $10.50

I&J Frozen Tasty Lightly Crumbed Calamari Rings 400g everyday product
I&J Frozen Tasty Lightly Crumbed Calamari Rings
400g everyday product
$9.00
400g $22.50 per 1Kg
Unit Price
Add
1
for $9.00

Birds Eye Frozen Fish Fingers 40 Pieces 1kg everyday product
Birds Eye Frozen Fish Fingers 40 Pieces
1kg everyday product
$10.50
1kg $10.50 per 1Kg
Unit Price
Add
1
for $10.50"	['/wcsstore/Coles-CAS/images/8/4/4/84452-th.jpg', '/wcsstore/Coles-CAS/images/8/4/4/84452_B-th.jpg']
Maggi	2 Minute Chicken Flavour Noodles 5 Pack	$ 5 .00	360g	$1.39 per 100Ea	"Nutrition Facts
Serving size: 1 serving = 380 g
Qty
Quantity
per serving Qty
Quantity
per 100g / 100ml %
Percentage
daily intake*
Energy 1250 kJ As Prepared 330 kJ 14%
Protein 7.2 g As Prepared 1.9 g 14%
Total Fat
Not provided
3 g 16%
Saturated Fat 5.2 g As Prepared 1.4 g 22%
Carbohydrate 40.6 g As Prepared 10.7 g 13%
Sugars 1 g As Prepared 1 g 1%
Dietary Fibre Total 1.8 g As Prepared 1 g 6%
Sodium 935 mg As Prepared 245 mg 41%
*Percentage Daily Intake per serving. Percentage Daily Intakes are based on an average adult diet of 8700 kJ. Your daily intakes may be higher or lower depending on your energy needs.
Disclaimer:
Product details, including nutritional information and country of origin, may change from time to time and so the product you receive in your order may not reflect the information on this page. Please check the packaging on any product you purchase and if it's not what you expected, feel free to return it for a full refund.
Details
Country of Origin:
Made in Malaysia
Ingredients:
Our Chosen Ingredients: Noodle Cake : Whea T Flour, Vegetable Oil [Antioxidant (319)], Salt, Mineral Salts ( 508, 451, 501, 500), Vegetable Gum (412). Flavour Sachet: Iodised Salt, Flavour Enhancers (621, 635), Mineral Salt (508), Maltodextrin, Flavours (621) (Contains Wheat , Soy and Celery ), Sugar, Onion Powder, Vegetable Fat [Antioxidant (320)], Parsley Flakes, Colours (Turmeric, Caramel Iii), Spices (Coriander, Cumin, Cardamom, Chilli Powder, Ginger).
Allergen:
May Be Present Mustard, May Be Present Milk, May Be Present Crustacea, May Be Present Fish
Servings Per Pack:
5.0
Storage Instructions:
Store in A Cool Dry Place
Size:
360 g
Preparation Instructions:
Fresh Meal Ideas Asian Chicken Noodle Soup Serves: 4 Preparation Time:
10 Minutes Cooking Time: 8 Minutes Easy 2 Pkts Maggi 2 Minute Noodles Chicken 5 Cups (1.25 L) Boiling Water 1 Tbsp Salt Reduced Soy Sauce Tsp Ginger Puree 2 Tsp Brown Sugar Cooked Chicken, Skin and Bones Removed, Shredded 1 Green Onion, Sliced Thinly Cup Coriander Leaves 1 Bunch (500g) Bok Choy, Chopped Roughly.
Break Maggi 2 Minute Noodle Cakes Into Quarters; Combine Noodles, Contents of Flavour Sachets, Water, Soy, Ginger and Brown Sugar in Saucepan.
Bring To Boil, Simmer 2 Minutes. Stir in Remaining Ingredients. Serve Immediately. Stove Top Break Noodle Cake Into Quarters. Cook in 1 1/2 Cups (375ml) of Boiling Water On Stove Top for 2 Minutes. Stir in Contents of Flavour Sachet. Microwave Break Noodle Cake Into Quarters. Cook in 1 1/2 Cups (375ml) of Boiling Water in An 850 Watt Microwave Oven On High for 2 Minutes. Stir in Contents of Flavour Sachet. Caution Take Care When Removing As Contents Will Be Very Hot. Serve With Or Without Broth As Desired.
Code: 5366972P
5 3 6 6 9 7 2 P
Customers also purchased
Maggi Fusian Mi Goreng Hot And Spicy Flavour Noodles 5 Pack 365g
Maggi Fusian Mi Goreng Hot And Spicy Flavour Noodles 5 Pack
365g
$5.50
365g $1.51 per 100G
Unit Price
3more varieties
of Maggi Fusian Mi Goreng Hot And Spicy Flavour Noodles 5 Pack 365g
Add
1
for $5.50

Maggi 2 Minute Oriental Flavour Noodles 5 Pack 370g
Maggi 2 Minute Oriental Flavour Noodles 5 Pack
370g
$5.00
370g $1.35 per 100G
Unit Price
4more varieties
of Maggi 2 Minute Oriental Flavour Noodles 5 Pack 370g
Add
1
for $5.00

Maggi 2 Minute Beef Flavour Noodles 5 Pack 370g
Maggi 2 Minute Beef Flavour Noodles 5 Pack
370g
$5.00
370g $1.35 per 100G
Unit Price
5more sizes and varieties
of Maggi 2 Minute Beef Flavour Noodles 5 Pack 370g
Add
1
for $5.00"	['/wcsstore/Coles-CAS/images/5/3/6/5366972-th.jpg', '/wcsstore/Coles-CAS/images/5/3/6/5366972_L-th.jpg', '/wcsstore/Coles-CAS/images/5/3/6/5366972_R-th.jpg', '/wcsstore/Coles-CAS/images/5/3/6/5366972_B-th.jpg']
Maggi	2 Minute Noodles Chicken Single Cup	$ 1 .80	60g	$3.00 per 100G	"Nutrition Facts
Serving size: 1 serving = 360 g
Qty
Quantity
per serving Qty
Quantity
per 100g / 100ml %
Percentage
daily intake*
Energy 1290 kJ As Prepared 360 kJ 15%
Protein 4.8 g As Prepared 1.3 g 10%
Total Fat
Not provided
2.8 g 15%
Saturated Fat 4.9 g As Prepared 1.4 g 20%
Carbohydrate 37 g As Prepared 10.3 g 12%
Sugars 1.8 g As Prepared 1 g 2%
Dietary Fibre Total 1.9 g As Prepared 1 g 6%
Sodium 1515 mg As Prepared 420 mg 66%
*Percentage Daily Intake per serving. Percentage Daily Intakes are based on an average adult diet of 8700 kJ. Your daily intakes may be higher or lower depending on your energy needs.
Disclaimer:
Product details, including nutritional information and country of origin, may change from time to time and so the product you receive in your order may not reflect the information on this page. Please check the packaging on any product you purchase and if it's not what you expected, feel free to return it for a full refund.
Details
Country of Origin:
Made in Malaysia
Ingredients:
Our Chosen Ingredients Noodle Cake: Wheat Flour, Vegetable Oil [Antioxidant (319)], Tapioca Starch, Salt, Mineral Salts (508, 451, 501, 500), Vegetable Gum (412). Flavour Sachet: Iodised Salt, Flavour Enhancers (621, 635), Mineral Salt (508), Maltodextrin, Flavours [(621)( Wheat , Soy and Celery )], Sugar, Onion ,Vegetable Fat [Antioxidant (320)], Parsley Flakes, Colours (Turmeric, Caramel Iii) Spices (Coriander, Cumin, Cardamom, Chilli Powder, Ginger). Garnish: Carrot. Contains: Wheat, Soy and Celery. May Contain: Crustacean, Fish, Milk and Mustard .
Allergen:
May Be Present Mustard, May Be Present Milk, May Be Present Crustacea, May Be Present Fish
Servings Per Pack:
1.0
Storage Instructions:
Store in A Cool Dry Place.
Size:
60 g
Preparation Instructions:
Open, Stir Well, Enjoy.
Fill Boiling Water Up To the Line Inside.
Add Flavours.
Close the Lid Wait - 3 Mins Caution: Cup and Noodles Will Be Hot After 3 Mins. Handle With Care. Do Not Lift By Lid. Place Cup On A Stable Surface To Enjoy Your Noodles
Code: 8109284P
8 1 0 9 2 8 4 P
Customers also purchased
Maggi 2 Minute Noodles Beef Single Cup 58g on special
Maggi 2 Minute Noodles Beef Single Cup
58g on special
$1.80
save
$0.70
58g $3.10 per 100G
Unit Price
Add
1
for $1.80

Maggi Fusian Noodle Cup Soy & Mild Spice 64g on special
Maggi Fusian Noodle Cup Soy & Mild Spice
64g on special
$1.80
save
$0.70
64g $2.81 per 100G
Unit Price
Add
1
for $1.80

Maggi Noodle Cup Oriental Flavour 60g on special
Maggi Noodle Cup Oriental Flavour
60g on special
$1.80
save
$0.70
60g $3.00 per 100G
Unit Price
Add
1
for $1.80

Maggi Fusian Noodle Cup Japanese Teriyaki Chicken 62g on special
Maggi Fusian Noodle Cup Japanese Teriyaki Chicken
62g on special
$1.80
save
$0.70
62g $2.90 per 100G
Unit Price
Add
1
for $1.80"	['/wcsstore/Coles-CAS/images/8/1/0/8109284-th.jpg', '/wcsstore/Coles-CAS/images/8/1/0/8109284_B-th.jpg']
Maggi	2 Minute Beef Flavour Noodles 5 Pack	$ 5 .00	370g	$1.35 per 100G	"Disclaimer:
Product details, including nutritional information and country of origin, may change from time to time and so the product you receive in your order may not reflect the information on this page. Please check the packaging on any product you purchase and if it's not what you expected, feel free to return it for a full refund.
Details
Country of Origin:
Made in Malaysia
Size:
370 g
Code: 5366983P
5 3 6 6 9 8 3 P
Customers also purchased
Maggi 2 Minute Oriental Flavour Noodles 5 Pack 370g
Maggi 2 Minute Oriental Flavour Noodles 5 Pack
370g
$5.00
370g $1.35 per 100G
Unit Price
Add
1
for $5.00

Indomie Fried BBQ Chicken Instant Noodles 5 Pack 85g
Indomie Fried BBQ Chicken Instant Noodles 5 Pack
85g
$3.95
Until 02 May 2023
85g $0.93 per 100G
Unit Price
Add
1
for $3.95

Maggi 2 Minute Chicken Flavour Noodles 5 Pack 360g
Maggi 2 Minute Chicken Flavour Noodles 5 Pack
360g
$5.00
360g $1.39 per 100Ea
Unit Price
Add
1
for $5.00"	['/wcsstore/Coles-CAS/images/5/3/6/5366983-th.jpg', '/wcsstore/Coles-CAS/images/5/3/6/5366983_B-th.jpg']
Maggi	2 Minute Chicken Flavour Noodles 12 Pack	$ 10 .00	864g	$1.16 per 100G	"Nutrition Facts
Serving size: 1 serving = 380 g
Qty
Quantity
per serving Qty
Quantity
per 100g / 100ml %
Percentage
daily intake*
Energy 1250 kJ As Prepared 330 kJ 14%
Protein 7.2 g As Prepared 1.9 g 14%
Total Fat
Not provided
3 g 16%
Saturated Fat 5.2 g As Prepared 1.4 g 22%
Carbohydrate 40.6 g As Prepared 10.7 g 13%
Sugars 1 g As Prepared 1 g 1%
Dietary Fibre Total 1.8 g As Prepared 1 g 6%
Sodium 935 mg As Prepared 245 mg 41%
*Percentage Daily Intake per serving. Percentage Daily Intakes are based on an average adult diet of 8700 kJ. Your daily intakes may be higher or lower depending on your energy needs.
Disclaimer:
Product details, including nutritional information and country of origin, may change from time to time and so the product you receive in your order may not reflect the information on this page. Please check the packaging on any product you purchase and if it's not what you expected, feel free to return it for a full refund.
Details
Country of Origin:
Made in Malaysia
Ingredients:
Our Chosen Ingredients: Noodle Cake: Wheat Flour, Vegetable Oil [Antioxidant (319)], Salt, Mineral Salts (508, 451, 501, 500), Vegetable Gum (412). Flavour Sachet: Iodised Salt, Flavour Enhancers (621, 635), Mineral Salt (508), Maltodextrin, Flavours (621) ( Wheat , Soy and Celery ), Sugar, Onion Powder, Vegetable Fat [Antioxidant (320)], Parsley Flakes, Colours (Turmeric, Caramel Iii), Spices (Coriander, Cumin, Cardamom, Chilli Powder, Ginger).
Allergen:
May Be Present Mustard, May Be Present Milk, May Be Present Crustacea, May Be Present Fish
Servings Per Pack:
12.0
Storage Instructions:
Store in A Cool Dry Place
Size:
864 g
Preparation Instructions:
Fresh Meal Ideas Asian Chicken Noodle Soup Serves: 4prep Time:
10 Minutescooking Time: 8 Minutes 2 Pkts Maggi 2 Minute Noodles Chicken 5 Cups (1.25 L) Boiling Water 1 Tbsp Soy Sauce Tsp Ginger Puree 2 Tsp Brown Sugar Cooked Chicken, Skin and Bones Removed, Meat Shredded 1 Green Onion, Thinly Sliced Cup Coriander Leaves 1 Bunch (500g) Bok Choy, Chopped Roughly
Break Maggi 2 Minute Noodle Cakes Into Quarters; Combine Noodles, Contents of Flavour Sachets, Water, Soy, Ginger and Brown Sugar in Saucepan.
Bring To Boil, Simmer 2 Minutes. Stir in Remaining Ingredients. Serve Immediately. Stove Top Break Noodle Cake Into Quarters. Cook in 1 1/2 Cups (375ml) of Boiling Water On Stove Top for 2 Minutes. Stir in Contents of Flavour Sachet. Microwave Break Noodle Cake Into Quarters. Cook in 1 1/2 Cups (375ml) of Boiling Water in An 850 Watt Microwave Oven On High for 2 Minutes. Stir in Contents of Flavour Sachet. Caution Take Care When Removing As Contents Will Be Very Hot. Serve With Or Without Broth As Desired.
Code: 1616626P
1 6 1 6 6 2 6 P
Customers also purchased
Maggi Fusian Mi Goreng Soy And Mild Spice Flavour Noodles 5 Pack 360g
Maggi Fusian Mi Goreng Soy And Mild Spice Flavour Noodles 5 Pack
360g
$5.50
360g $1.53 per 100G
Unit Price
3more varieties
of Maggi Fusian Mi Goreng Soy And Mild Spice Flavour Noodles 5 Pack 360g
Add
1
for $5.50

Indomie Fried Mi Goreng Satay Instant Noodles 5 Pack 80g
Indomie Fried Mi Goreng Satay Instant Noodles 5 Pack
80g
$3.95
Until 02 May 2023
80g $0.99 per 100G
Unit Price
Add
1
for $3.95

Indomie Fried Mi Goreng Instant Noodles 5 Pack 85g
Indomie Fried Mi Goreng Instant Noodles 5 Pack
85g
$3.95
Until 02 May 2023
85g $0.93 per 100G
Unit Price
Add
1
for $3.95

Maggi 2 Minute Beef Flavour Noodles 12 Pack 888g
Maggi 2 Minute Beef Flavour Noodles 12 Pack
888g
$10.00
Until 02 May 2023
888g $1.13 per 100G
Unit Price
Add
1
for $10.00"	['/wcsstore/Coles-CAS/images/1/6/1/1616626-th.jpg', '/wcsstore/Coles-CAS/images/1/6/1/1616626_B-th.jpg']
Maggi	2 Minute Noodles Chicken Cup 4 Pack	$ 8 .00	240g	$3.33 per 100G	"Disclaimer:
Product details, including nutritional information and country of origin, may change from time to time and so the product you receive in your order may not reflect the information on this page. Please check the packaging on any product you purchase and if it's not what you expected, feel free to return it for a full refund.
Details
Country of Origin:
Made in Malaysia
Ingredients:
Our Chosen Ingredients Noodle Cake: Wheat Flour, Vegetable Oil [Antioxidant (319)], Tapioca Starch, Salt, Mineral Salts (508, 451, 501, 500), Vegetable Gum (412). Flavour Sachet: Iodised Salt, Flavour Enhancers (621, 635), Mineral Salt (508), Maltodextrin, Flavours [(621)( Wheat, Soy and Celery )], Sugar, Onion ,Vegetable Fat [Antioxidant (320)], Parsley Flakes, Colours (Turmeric, Caramel Iii), Spices (Coriander, Cumin, Cardamom, Chilli Powder, Ginger). Garnish: Carrot. Contains: Wheat, Soy and Celery. May Contain: Crustacean, Fish, Milk,And Mustard.
Allergen:
Contains Soybean, May Contain Crustacea, May Contain Milk, May Contain Fish, Contains Wheat
Servings Per Pack:
4.0
Storage Instructions:
Store in A Cool Dry Place.
Dimensions:
215 x 204 x 99mm
Size:
240g
Preparation Instructions:
Open, Stir Well Enjoy.
Fill Boiling Water Up To the Line Inside.
Add Flavours.
Close the Lid Wait - 3 Mins Caution: Cup and Noodles Will Be Hot After 3mins. Handle With Care. Do Not Lift By Lid. Place Cup On A Stable Surface To Enjoy Your Noodles.
Code: 8100950P
8 1 0 0 9 5 0 P
Customers also purchased
Maggi 2 Minute Noodles Beef Single Cup 58g on special
Maggi 2 Minute Noodles Beef Single Cup
58g on special
$1.80
save
$0.70
58g $3.10 per 100G
Unit Price
Add
1
for $1.80

Maggi Noodle Cup Oriental Flavour 60g on special
Maggi Noodle Cup Oriental Flavour
60g on special
$1.80
save
$0.70
60g $3.00 per 100G
Unit Price
Add
1
for $1.80

Indomie Mi Goreng Fried Noodle Cup 75g
Indomie Mi Goreng Fried Noodle Cup
75g
$2.00
75g $2.67 per 100G
Unit Price
Add
1
for $2.00

Maggi Fusian Noodle Cup Hot & Spicy 65g on special
Maggi Fusian Noodle Cup Hot & Spicy
65g on special
$1.80
save
$0.70
65g $2.77 per 100G
Unit Price
Add
1
for $1.80"	['/wcsstore/Coles-CAS/images/8/1/0/8100950-th.jpg', '/wcsstore/Coles-CAS/images/8/1/0/8100950_B-th.jpg']
Birds Eye	Frozen SteamFresh Broccoli Cauliflower & Carrots With Cheese Sauce 2 Pack	$ 6 .50	400g	$16.25 per 1Kg	"Nutrition Facts
Serving size: 1 serving = 200g
Qty
Quantity
per serving Qty
Quantity
per 100g / 100ml %
Percentage
daily intake*
Energy 415kJ 415kJ
Not provided
Protein 3.9g 3.9g
Not provided
Total Fat 6.5g 6.5g
Not provided
Saturated Fat 4.2g 4.2g
Not provided
Carbohydrate 5.6g 5.6g
Not provided
Sugars 2.7g 2.7g
Not provided
Dietary Fibre Total 1.6g 1.6g
Not provided
Sodium 230mg 230mg
Not provided
*Percentage Daily Intake per serving. Percentage Daily Intakes are based on an average adult diet of 8700 kJ. Your daily intakes may be higher or lower depending on your energy needs.
Disclaimer:
Product details, including nutritional information and country of origin, may change from time to time and so the product you receive in your order may not reflect the information on this page. Please check the packaging on any product you purchase and if it's not what you expected, feel free to return it for a full refund.
Details
Country of Origin:
Made in Belgium from multiple origins
Ingredients:
Broccoli (20%), cauliflower (20%), carrots (15%), *cream* (14%), water, Emmental cheese (*milk*, salt, starter culture, rennet) (8%), *fresh cheese (preservative)* (4%), skim *milk* powder (2%), seasoning (contains *egg*, tumeric), starch, garlic. *Contains milk and egg.* *May be present tree nuts, crustacea, fish, soy, sesame, wheat, barley, oats and spelt.*
Allergen:
May Contain Barley, May Contain Soybean, May Contain Crustacea, May Contain Wheat, Contains Egg, May Contain Fish, May Contain Tree Nuts, May Contain Sesame Seeds, Contains Milk
Servings Per Pack:
2.0
Dimensions:
250 x 230 x 20mm
Size:
400g
Preparation Instructions:
Refer to pack
Code: 1777228P
1 7 7 7 2 2 8 P
Customers also purchased
Birds Eye Frozen Steam Fresh Peas Beans Corn & Broccoli Mix 3 pack 450g
Birds Eye Frozen Steam Fresh Peas Beans Corn & Broccoli Mix 3 pack
450g
$3.90
450g $8.67 per 1Kg
Unit Price
Add
1
for $3.90

Birds Eye Frozen Steam Fresh Beans Carrot & Broccoli Mix 3 pack 450g
Birds Eye Frozen Steam Fresh Beans Carrot & Broccoli Mix 3 pack
450g
$3.90
450g $8.67 per 1Kg
Unit Price
Add
1
for $3.90

Birds Eye Frozen Steamfresh Potato Mash With Butter 400g
Birds Eye Frozen Steamfresh Potato Mash With Butter
400g
$6.50
400g $16.25 per 1Kg
Unit Price
Add
1
for $6.50

Birds Eye Frozen Steamfresh Fried Rice Vegetables 2Pack 400g
Birds Eye Frozen Steamfresh Fried Rice Vegetables 2Pack
400g
$6.50
400g $1.63 per 100G
Unit Price
Add
1
for $6.50"	['/wcsstore/Coles-CAS/images/1/7/7/1777228-th.jpg', '/wcsstore/Coles-CAS/images/1/7/7/1777228_B-th.jpg']
Birds Eye	Frozen Fish Fillets With Original Lightly Battered Oven Bake 6 Pack	$ 10 .50	425g	$24.71 per 1Kg	"Nutrition Facts
Serving size: 1 serving = 141g
Qty
Quantity
per serving Qty
Quantity
per 100g / 100ml %
Percentage
daily intake*
Energy 956kJ 678kJ
Not provided
Protein 17.1g 12.1g
Not provided
Total Fat 10.9g 7.7g
Not provided
Saturated Fat 1.1g 0.8g
Not provided
Trans 0.1g 0.1g
Not provided
Polyunsaturated 3.1g 2.2g
Not provided
Mono Unsaturated 6.5g 4.6g
Not provided
Carbohydrate 15.1g 10.7g
Not provided
Sugars 3.2g 2.3g
Not provided
Dietary Fibre Total 1g 0.7g
Not provided
Sodium 451mg 320mg
Not provided
*Percentage Daily Intake per serving. Percentage Daily Intakes are based on an average adult diet of 8700 kJ. Your daily intakes may be higher or lower depending on your energy needs.
Disclaimer:
Product details, including nutritional information and country of origin, may change from time to time and so the product you receive in your order may not reflect the information on this page. Please check the packaging on any product you purchase and if it's not what you expected, feel free to return it for a full refund.
Details
Ingredients:
Alaskan *pollock* or New Zealand *hoki* fillets (55%). Batter (45%) (water, *wheat* flour, canola oil, *soy* flour, acidity regulators (450, sodium bicarbonate, 341), salt, *wheat* gluten, *wheat* starch, maltodextrin, spice extracts (pepper, clove), natural flavour). *Contains fish, soy and wheat.*
Allergen:
Contains Soybean, May Contain Egg, Contains Fish, May Contain Milk, Contains Wheat
Servings Per Pack:
3.0
Dimensions:
185 x 149 x 55mm
Size:
425g
Preparation Instructions:
Refer to pack
Code: 84430P
8 4 4 3 0 P
Customers also purchased
Birds Eye Frozen Fish Fillets With Original Crumb Oven Bake 6 pack 425g
Birds Eye Frozen Fish Fillets With Original Crumb Oven Bake 6 pack
425g
$10.50
425g $24.71 per 1Kg
Unit Price
Add
1
for $10.50

Birds Eye Frozen Fish Fillets With Lemon Crumb Oven Bake 6 pack 425g
Birds Eye Frozen Fish Fillets With Lemon Crumb Oven Bake 6 pack
425g
$10.50
425g $24.71 per 1Kg
Unit Price
Add
1
for $10.50

Birds Eye Frozen Fish Fillets With Herb & Garlic Crumb Oven Bake 6 pack 425g
Birds Eye Frozen Fish Fillets With Herb & Garlic Crumb Oven Bake 6 pack
425g
$10.50
425g $24.71 per 1Kg
Unit Price
Add
1
for $10.50

I&J Frozen Tasty Lightly Crumbed Calamari Rings 400g everyday product
I&J Frozen Tasty Lightly Crumbed Calamari Rings
400g everyday product
$9.00
400g $22.50 per 1Kg
Unit Price
Add
1
for $9.00"	['/wcsstore/Coles-CAS/images/8/4/4/84430-th.jpg', '/wcsstore/Coles-CAS/images/8/4/4/84430_L-th.jpg', '/wcsstore/Coles-CAS/images/8/4/4/84430_R-th.jpg', '/wcsstore/Coles-CAS/images/8/4/4/84430_B-th.jpg']
Birds Eye	Deli Sweet Potato Chips	$ 6 .20	600g	$10.33 per 1Kg	"Nutrition Facts
Serving size: 1 serving = 100g
Qty
Quantity
per serving Qty
Quantity
per 100g / 100ml %
Percentage
daily intake*
Energy 693kJ 693kJ
Not provided
Protein 2.1g 2.1g
Not provided
Total Fat 5.8g 5.8g
Not provided
Saturated Fat 0.5g 0.5g
Not provided
Carbohydrate 24.2g 24.2g
Not provided
Sugars 13.7g 13.7g
Not provided
Dietary Fibre Total 4g 4g
Not provided
Sodium 251mg 251mg
Not provided
Gluten 0mg 0mg
Not provided
Vitamin C 8mg 8mg 20%
*Percentage Daily Intake per serving. Percentage Daily Intakes are based on an average adult diet of 8700 kJ. Your daily intakes may be higher or lower depending on your energy needs.
Disclaimer:
Product details, including nutritional information and country of origin, may change from time to time and so the product you receive in your order may not reflect the information on this page. Please check the packaging on any product you purchase and if it's not what you expected, feel free to return it for a full refund.
Details
Country of Origin:
Made in France
Ingredients:
Sweet potato (86%), sunflower oil, thickeners (1412, 1422), rice flour, salt, tapioca dextrin, vegetable powders (garlic, onion), spices (black pepper, paprika), paprika extract, capsicum extract, raising agents (sodium carbonate, 450), stabiliser (xanthan gum).
Servings Per Pack:
6.0
Dimensions:
290 x 250 x 25mm
Size:
600g
Preparation Instructions:
Refer to pack
Code: 5053208P
5 0 5 3 2 0 8 P
Customers also purchased
McCain Quick Cook Straight Cut 750g
McCain Quick Cook Straight Cut
750g
$5.30
750g $7.07 per 1Kg
Unit Price
Add
1
for $5.30"	['/wcsstore/Coles-CAS/images/5/0/5/5053208-th.jpg', '/wcsstore/Coles-CAS/images/5/0/5/5053208_B-th.jpg']
Birds Eye	Frozen Steamfresh Potato Mash With Butter	$ 6 .50	400g	$16.25 per 1Kg	"Nutrition Facts
Serving size: 1 serving = 200g
Qty
Quantity
per serving Qty
Quantity
per 100g / 100ml %
Percentage
daily intake*
Energy 1110kJ 557kJ
Not provided
Protein 4g 2g
Not provided
Total Fat 14g 7g
Not provided
Saturated Fat 9.6g 4.8g
Not provided
Carbohydrate 30.2g 15.1g
Not provided
Sugars 2g 1g
Not provided
Dietary Fibre Total 1.8g 0.9g
Not provided
Sodium 480mg 240mg
Not provided
*Percentage Daily Intake per serving. Percentage Daily Intakes are based on an average adult diet of 8700 kJ. Your daily intakes may be higher or lower depending on your energy needs.
Disclaimer:
Product details, including nutritional information and country of origin, may change from time to time and so the product you receive in your order may not reflect the information on this page. Please check the packaging on any product you purchase and if it's not what you expected, feel free to return it for a full refund.
Details
Country of Origin:
Made in Belgium
Ingredients:
Mashed potato (potato (85%), *milk*,*butter*, salt, pepper), *salted butter* (5%). *Contains milk.* *May be present tree nuts, egg, crustacea, fish, soy, sesame, wheat, barley, oats and spelt.*
Allergen:
May Contain Barley, May Contain Soybean, May Contain Egg, May Contain Crustacea, May Contain Wheat, May Contain Fish, May Contain Tree Nuts, May Contain Sesame Seeds, Contains Milk
Servings Per Pack:
2.0
Dimensions:
250 x 230 x 25mm
Size:
400g
Code: 2912974P
2 9 1 2 9 7 4 P
Customers also purchased
Birds Eye Frozen SteamFresh Broccoli Cauliflower & Carrots With Cheese Sauce 2 Pack 400g
Birds Eye Frozen SteamFresh Broccoli Cauliflower & Carrots With Cheese Sauce 2 Pack
400g
$6.50
400g $16.25 per 1Kg
Unit Price
Add
1
for $6.50

Birds Eye Frozen Steam Fresh Bean Broccoli & Sugar Snap Peas 3 pack 450g
Birds Eye Frozen Steam Fresh Bean Broccoli & Sugar Snap Peas 3 pack
450g
$3.90
450g $8.67 per 1Kg
Unit Price
Add
1
for $3.90

Birds Eye Frozen Steam Fresh Carrot Cauliflower & Broccoli 5 pack 750g
Birds Eye Frozen Steam Fresh Carrot Cauliflower & Broccoli 5 pack
750g
$5.50
750g $7.33 per 1Kg
Unit Price
Add
1
for $5.50

Birds Eye Frozen Steamfresh Fried Rice Vegetables 2Pack 400g
Birds Eye Frozen Steamfresh Fried Rice Vegetables 2Pack
400g
$6.50
400g $1.63 per 100G
Unit Price
Add
1
for $6.50"	['/wcsstore/Coles-CAS/images/2/9/1/2912974-th.jpg', '/wcsstore/Coles-CAS/images/2/9/1/2912974_B-th.jpg']
Birds Eye	Frozen Steam Fresh Baby Potatoes With Broccoli Carrots Peas & Herbs 2 pack	$ 6 .50	400g	$16.25 per 1Kg	"Nutrition Facts
Serving size: 1 serving = 200g
Qty
Quantity
per serving Qty
Quantity
per 100g / 100ml %
Percentage
daily intake*
Energy 570kJ 285kJ
Not provided
Protein 5g 2.5g
Not provided
Total Fat 3g 1.5g
Not provided
Saturated Fat 0.4g 0.2g
Not provided
Carbohydrate 19.2g 9.6g
Not provided
Sugars 3.6g 1.8g
Not provided
Dietary Fibre Total 6g 3g
Not provided
Sodium 406mg 203mg
Not provided
*Percentage Daily Intake per serving. Percentage Daily Intakes are based on an average adult diet of 8700 kJ. Your daily intakes may be higher or lower depending on your energy needs.
Disclaimer:
Product details, including nutritional information and country of origin, may change from time to time and so the product you receive in your order may not reflect the information on this page. Please check the packaging on any product you purchase and if it's not what you expected, feel free to return it for a full refund.
Details
Country of Origin:
Packed in Belgium from multiple origins
Ingredients:
Baby potatoes (40%), broccoli (25%), carrots (19%), peas (10%), water, canola oil, parsley, seasoning (contains celery, pepper, onion, herb, flavour), salt. *May be present tree nuts, milk, egg, crustacea, fish, soy, sesame, wheat, barley, oats and spelt.*
Allergen:
May Contain Soybean, May Contain Egg, May Contain Crustacea, May Contain Milk, May Contain Wheat, May Contain Fish, May Contain Tree Nuts, May Contain Sesame Seeds
Servings Per Pack:
2.0
Storage Instructions:
Keep frozen Store at or below minus 18C, Keep frozen Store at or below minus 18C
Dimensions:
220 x 200 x 25mm
Size:
400g
Preparation Instructions:
MICROWAVE (based on 1100 Watt Power)Remove steam bag(s) from outer bag. DO NOT PIERCE OR OPEN THE BAG.
Place one steam bag, GREEN STRIP UPWARDS on microwave turntable.
Cook on HIGH for 2 minutes, shake bag and cook a further1 minutes. During cooking the bag will slowly inflate as the steam builds up. A special vent in the bag will allow the steam to escape slowly during cooking and a slight whistling sound may be heard.
Carefully remove hot bag from the microwave, shake well and let stand for 1 minute. Tear or cut the bag open to serve.CAUTION: CONTENTS WILL BE VERY HOT.POWER 1 BAG 2 BAGS1100W 2 mins, shake, 1 mins 3 mins, shake, 3 mins[If cooking both bags, makes sure they are not overlapping and shake bags halfway through cooking.](Microwave ovens may vary, adjust time as needed)
Code: 2257799P
2 2 5 7 7 9 9 P
Customers also purchased
Birds Eye Frozen Farmhouse Seasoned Sides 600g
Birds Eye Frozen Farmhouse Seasoned Sides
600g
$4.95
Until 18 Apr 2023
Was $5.50 Jan 2023
600g $8.25 per 1Kg
Unit Price
Add
1
for $4.95

Birds Eye Deli Roast Vegetables 600g
Birds Eye Deli Roast Vegetables
600g
$6.50
600g $10.83 per 1Kg
Unit Price
Add
1
for $6.50"	['/wcsstore/Coles-CAS/images/2/2/5/2257799-th.jpg', '/wcsstore/Coles-CAS/images/2/2/5/2257799_B-th.jpg']
Maggi	2 Minute Wholegrain Chicken Flavour Noodles 5 Pack	$ 5 .00	345g	$1.45 per 100G	"Disclaimer:
Product details, including nutritional information and country of origin, may change from time to time and so the product you receive in your order may not reflect the information on this page. Please check the packaging on any product you purchase and if it's not what you expected, feel free to return it for a full refund.
Details
Country of Origin:
Made in Malaysia
Dimensions:
120 x 165 x 95mm
Size:
345g
Code: 1369946P
1 3 6 9 9 4 6 P
Customers also purchased
Maggi Fusian Mi Goreng Soy And Mild Spice Flavour Noodles 5 Pack 360g
Maggi Fusian Mi Goreng Soy And Mild Spice Flavour Noodles 5 Pack
360g
$5.50
360g $1.53 per 100G
Unit Price
3more varieties
of Maggi Fusian Mi Goreng Soy And Mild Spice Flavour Noodles 5 Pack 360g
Add
1
for $5.50

Maggi 2 Minute Oriental Flavour Noodles 5 Pack 370g
Maggi 2 Minute Oriental Flavour Noodles 5 Pack
370g
$5.00
370g $1.35 per 100G
Unit Price
4more varieties
of Maggi 2 Minute Oriental Flavour Noodles 5 Pack 370g
Add
1
for $5.00

Maggi 2 Minute Wholegrain Beef Flavour Noodles 5 Pack 335g
Maggi 2 Minute Wholegrain Beef Flavour Noodles 5 Pack
335g
$5.00
335g $1.49 per 100G
Unit Price
4more varieties
of Maggi 2 Minute Wholegrain Beef Flavour Noodles 5 Pack 335g
Add
1
for $5.00"	['/wcsstore/Coles-CAS/images/1/3/6/1369946-th.jpg', '/wcsstore/Coles-CAS/images/1/3/6/1369946_B-th.jpg']
Birds Eye	Frozen Fish Fillets With Lemon Crumb Oven Bake 6 pack	$ 10 .50	425g	$24.71 per 1Kg	"Nutrition Facts
Serving size: 1 serving = 141g
Qty
Quantity
per serving Qty
Quantity
per 100g / 100ml %
Percentage
daily intake*
Energy 1240kJ 878kJ
Not provided
Protein 17.1g 12.1g
Not provided
Total Fat 12.4g 8.8g
Not provided
Saturated Fat 1.3g 0.9g
Not provided
Trans 0.1g 0.1g
Not provided
Polyunsaturated 3.4g 2.4g
Not provided
Mono Unsaturated 7.8g 5.5g
Not provided
Carbohydrate 27.9g 19.8g
Not provided
Sugars 5.4g 3.8g
Not provided
Dietary Fibre Total 1.8g 1.3g
Not provided
Sodium 423mg 300mg
Not provided
*Percentage Daily Intake per serving. Percentage Daily Intakes are based on an average adult diet of 8700 kJ. Your daily intakes may be higher or lower depending on your energy needs.
Disclaimer:
Product details, including nutritional information and country of origin, may change from time to time and so the product you receive in your order may not reflect the information on this page. Please check the packaging on any product you purchase and if it's not what you expected, feel free to return it for a full refund.
Details
Ingredients:
New Zealand hoki fillets (*fish*) (51%). Crumb coating (49%) {*wheat* flour, water, canola oil, *wheat* starch, tapioca starch, potato starch, *wheat* gluten, salt, glucose, rice flour, yeast, food acid (citric), sugar, chia flour, black pepper, *wheat* fibre, natural flavour (lemon oil (0.1%))} *Contains wheat, gluten, fish.*
Allergen:
Contains Fish, Contains Gluten, Contains Wheat
Servings Per Pack:
3.0
Dimensions:
185 x 149 x 55mm
Size:
425g
Preparation Instructions:
Refer to pack
Code: 80804P
8 0 8 0 4 P
Customers also purchased
Birds Eye Frozen Fish Fillets With Original Lightly Battered Oven Bake 6 Pack 425g
Birds Eye Frozen Fish Fillets With Original Lightly Battered Oven Bake 6 Pack
425g
$10.50
425g $24.71 per 1Kg
Unit Price
Add
1
for $10.50

Birds Eye Frozen Fish Fillets With Herb & Garlic Crumb Oven Bake 6 pack 425g
Birds Eye Frozen Fish Fillets With Herb & Garlic Crumb Oven Bake 6 pack
425g
$10.50
425g $24.71 per 1Kg
Unit Price
Add
1
for $10.50

Birds Eye Frozen Atlantic Salmon Fillets With Lemon 260g on special
Birds Eye Frozen Atlantic Salmon Fillets With Lemon
260g on special
$11.00
save
$3.00
260g $42.31 per 1Kg
Unit Price
Add
1
for $11.00

Birds Eye Frozen Steam Fresh Fish Fillets With Parsley & Citrus Sauce 2 Pack 380g
Birds Eye Frozen Steam Fresh Fish Fillets With Parsley & Citrus Sauce 2 Pack
380g
$10.00
380g $26.32 per 1Kg
Unit Price
Add
1
for $10.00"	['/wcsstore/Coles-CAS/images/8/0/8/80804-th.jpg', '/wcsstore/Coles-CAS/images/8/0/8/80804_B-th.jpg']
Maggi	2 Minute Oriental Flavour Noodles 5 Pack	$ 5 .00	370g	$1.35 per 100G	"Disclaimer:
Product details, including nutritional information and country of origin, may change from time to time and so the product you receive in your order may not reflect the information on this page. Please check the packaging on any product you purchase and if it's not what you expected, feel free to return it for a full refund.
Details
Country of Origin:
Made in Malaysia
Ingredients:
Ingredients Noodle Cake: Wheat Flour, Vegetable Oil [Antioxidant (319)], Salt, Mineral Salts (508, 451, 501, 500), Vegetable Gum (412). Flavour Sachet: Flavour Enhancers (621, 635, 631), Soy Sauce Powder ( Wheat, Soy ), Mineral Salt (Potassium Chloride), Flavours [Flavour Enhancers (621, 627, 631), Wheat, Soy ], Onion, Sugar, Ginger, Salt, Garlic, Colour (Caramel I), Vegetable Fat [Antioxidant (320)], Food Acid (Citric). Contains Gluten, Wheat, Soy. May Contain Celery, Crustacean, Fish, Milk, Mustard.
Allergen:
Contains Soybean, May Contain Crustacea, May Contain Milk, May Contain Fish, Contains Wheat, Contains Cereals
Servings Per Pack:
5.0
Storage Instructions:
Store in A Cool Dry Place.
Dimensions:
120 x 1165 x 95mm
Size:
370g
Preparation Instructions:
Stove Top Break Noodle Cake Into Quarters. Cook in 1 1/2 Cups (375ml) of Boiling Water On Stove Top for 2 Minutes. Stir in Contents of Flavour Sachet. Microwave Break Noodle Cake Into Quarters. Cook in 1 1/2 Cups (375ml) of Boiling Water for 2 Minutes On High (850w). Stir in Contents of Flavour Sachet. Caution: Take Care When Removing As Bowl and Contents Will Be Very Hot. Serve With Or Without Broth As Desired. Fresh Meal Ideas Bbq Chicken Lettuce Cups Serves: 4 Prep Time:
10 Minutes Cook Time: 15 Minutes 1 Tsp Sesame Oil 1 Carrot (120g), Peeled and Chopped Coarsely 2 Celery Sticks (120g), Chopped 2 Cups (320g) Bbq Chicken, Shredded 2 Pkts Maggi 2 Minute Noodles Oriental Flavour 2 Tsp Soy Sauce 2 Tsp Maggi Oyster Sauce 1 Tbsp Sweet Chilli Sauce 4 Shallots, Sliced Thinly 2 Tbsp Chopped Coriander, Optional 1 Lettuce, Outer Leaves Cut Into Cups
Heat Oil in Large Frying Pan. Add Carrot and Celery, Cook for 2 Minutes Or Until Softened; Add Barbequed Chicken.
Meanwhile Cook Noodle Cakes According To Packet Directions; Drain Well, Add To Pan.
in A Small Bowl Combine Contents of Flavour Sachets, Soy Sauce, Maggi Oyster Sauce and Sweet Chilli Sauce; Stir Until Smooth. Pour Sauce Over Chicken Noodle Mixture and Cook for 5 Minutes.
Stir Through Shallots and Coriander. Serve Into Prepared Lettuce Cups.
Code: 7560965P
7 5 6 0 9 6 5 P
Customers also purchased
Maggi Fusian Mi Goreng Soy And Mild Spice Flavour Noodles 5 Pack 360g
Maggi Fusian Mi Goreng Soy And Mild Spice Flavour Noodles 5 Pack
360g
$5.50
360g $1.53 per 100G
Unit Price
Add
1
for $5.50

Maggi 2 Minute Chicken Flavour Noodles 5 Pack 360g
Maggi 2 Minute Chicken Flavour Noodles 5 Pack
360g
$5.00
360g $1.39 per 100Ea
Unit Price
Add
1
for $5.00

Maggi 2 Minute Beef Flavour Noodles 5 Pack 370g
Maggi 2 Minute Beef Flavour Noodles 5 Pack
370g
$5.00
370g $1.35 per 100G
Unit Price
Add
1
for $5.00"	['/wcsstore/Coles-CAS/images/7/5/6/7560965-th.jpg', '/wcsstore/Coles-CAS/images/7/5/6/7560965_B-th.jpg']
Birds Eye	Sweet Potato Veggie Bites	$ 4 .00	300g	$13.33 per 1Kg	"Nutrition Facts
Serving size: 1 serving = 100g
Qty
Quantity
per serving Qty
Quantity
per 100g / 100ml %
Percentage
daily intake*
Energy 845kJ 845kJ
Not provided
Protein 2.2g 2.2g
Not provided
Total Fat 10.9g 10.9g
Not provided
Saturated Fat 0.8g 0.8g
Not provided
Carbohydrate 22.6g 22.6g
Not provided
Sugars 6g 6g
Not provided
Dietary Fibre Total 2.5g 2.5g
Not provided
Sodium 260mg 260mg
Not provided
*Percentage Daily Intake per serving. Percentage Daily Intakes are based on an average adult diet of 8700 kJ. Your daily intakes may be higher or lower depending on your energy needs.
Disclaimer:
Product details, including nutritional information and country of origin, may change from time to time and so the product you receive in your order may not reflect the information on this page. Please check the packaging on any product you purchase and if it's not what you expected, feel free to return it for a full refund.
Details
Ingredients:
Vegetables 75% (sweet potato (33%), potato (sliced, reconstituted from potato flake) (15%), carrot (14%), broccoli (9%), onion (4%)), canola oil, potato flakes, thickener (1422) or corn starch, salt, garlic powder, onion powder, nutmeg, dextrose (from maize), maltodextrin (from maize), food acid (citric). *May be present wheat, gluten.*
Allergen:
May Contain Wheat, May Contain Gluten
Servings Per Pack:
3.0
Dimensions:
180 x 229 x 20mm
Size:
300g
Code: 5086580P
5 0 8 6 5 8 0 P
Customers also purchased
McCain Quick Cook Straight Cut 750g
McCain Quick Cook Straight Cut
750g
$5.30
750g $7.07 per 1Kg
Unit Price
Add
1
for $5.30"	['/wcsstore/Coles-CAS/images/5/0/8/5086580-th.jpg', '/wcsstore/Coles-CAS/images/5/0/8/5086580_B-th.jpg']
Maggi	2 Minute Noodles Beef Single Cup	$ 1 .80	58g	$3.10 per 100G	"Nutrition Facts
Serving size: 1 serving = 358g
Qty
Quantity
per serving Qty
Quantity
per 100g / 100ml %
Percentage
daily intake*
Energy 1020kJ 285kJ 12%
Protein 5g 1.4g 10%
Total Fat 9.7g 2.7g 14%
Saturated Fat 4.7g 1.3g 20%
Carbohydrate 33.2g 9.3g 11%
Sugars 1.8g 1g 2%
Dietary Fibre Total 1.7g 1g 6%
Sodium 1245mg 350mg 54%
*Percentage Daily Intake per serving. Percentage Daily Intakes are based on an average adult diet of 8700 kJ. Your daily intakes may be higher or lower depending on your energy needs.
Disclaimer:
Product details, including nutritional information and country of origin, may change from time to time and so the product you receive in your order may not reflect the information on this page. Please check the packaging on any product you purchase and if it's not what you expected, feel free to return it for a full refund.
Details
Country of Origin:
Made in Malaysia
Ingredients:
Our Chosen Ingredients Noodle Cake: Wheat Flour, Vegetable Oil [Antioxidant (319)], Tapioca Starch, Salt, Mineral Salts (508, 451, 501, 500), Vegetable Gum (412). Flavour Sachet: Mineral Salt (508), Iodised Salt, Flavour Enhancers (621, 635), Sugar, Yeast Extract, Flavour, Colour (Caramel Iii), Vegetable Fat [Antioxidant (320)], Onion Powder, Soy Sauce Powder ( Wheat and Soy ), Food Acid (Citric), White Pepper, Rosemary. Garnish: Carrot. Contains: Wheat and Soy May Contain: Celery, Crustacean, Fish, Milk and Mustard.
Allergen:
Contains Soybean, May Contain Crustacea, May Contain Milk, May Contain Fish, Contains Wheat
Servings Per Pack:
1.0
Storage Instructions:
Store in A Cool Dry Place.
Dimensions:
107 x 93 x 93mm
Size:
58g
Preparation Instructions:
Open, Stir Well Enjoy.
Fill Boiling Water Up To the Line Inside.
Add Flavours.
Close the Lid Wait - 3 Mins Caution: Cup and Noodles Will Be Hot After 3mins. Handle With Care. Do Not Lift By Lid. Place Cup On A Stable Surface To Enjoy Your Noodles.
Code: 8109273P
8 1 0 9 2 7 3 P
Customers also purchased
Maggi 2 Minute Noodles Chicken Single Cup 60g on special
Maggi 2 Minute Noodles Chicken Single Cup
60g on special
$1.80
save
$0.70
60g $3.00 per 100G
Unit Price
Add
1
for $1.80

Maggi Fusian Noodle Cup Soy & Mild Spice 64g on special
Maggi Fusian Noodle Cup Soy & Mild Spice
64g on special
$1.80
save
$0.70
64g $2.81 per 100G
Unit Price
Add
1
for $1.80

Maggi Noodle Cup Oriental Flavour 60g on special
Maggi Noodle Cup Oriental Flavour
60g on special
$1.80
save
$0.70
60g $3.00 per 100G
Unit Price
Add
1
for $1.80

Maggi 2 Minute Noodles Chicken Cup 4 Pack 240g
Maggi 2 Minute Noodles Chicken Cup 4 Pack
240g
$8.00
Until 02 May 2023
240g $3.33 per 100G
Unit Price
Add
1
for $8.00"	['/wcsstore/Coles-CAS/images/8/1/0/8109273-th.jpg', '/wcsstore/Coles-CAS/images/8/1/0/8109273_B-th.jpg']
Continental	Chicken Noodle Soup Serves 4	$ 1 .20	45g	$2.67 per 100G	"Nutrition Facts
Serving size: 1 serving = 250mL as prepared +
Qty
Quantity
per serving Qty
Quantity
per 100g / 100ml %
Percentage
daily intake*
Energy 148kJ 57kJ 2%
Energy Cal 35Cal 14Cal
Not provided
Protein 1.3g 0.5g 3%
Total Fat 0.4g 0.2g 0.6%
Saturated Fat
Less than
< 0.1g
Less than
< 0.1g 0.3%
Carbohydrate 6.4g 2.4g 2%
Sugars 0.9g 0.3g 1.0%
Sodium 685mg 265mg 30%
*Percentage Daily Intake per serving. Percentage Daily Intakes are based on an average adult diet of 8700 kJ. Your daily intakes may be higher or lower depending on your energy needs.
Disclaimer:
Product details, including nutritional information and country of origin, may change from time to time and so the product you receive in your order may not reflect the information on this page. Please check the packaging on any product you purchase and if it's not what you expected, feel free to return it for a full refund.
Details
Ingredients:
Noodles (63%) (wheat flour^, wheat gluten), salt, sugar, mineral salt (potassium chloride), yeast extract, flavour enhancers (621, 635), maltodextrin, vegetable oil, natural chicken flavours, chicken powder (0.5%), onion powder, natural colour (turmeric), parsley, burnt sugar, spices (celery seed, pepper), food acid (lactic), sage extract. ^From sustainably grown Australian wheat.
Contains:
Wheat 45G
Allergen:
May Be Present Milk, May Be Present Sesame, May Be Present Crustacea, May Be Present Tree Nuts, May Be Present Peanuts, Contains Wheat, May Be Present Lupin, May Be Present Fish, May Be Present Egg
Servings Per Pack:
4.0
Storage Instructions:
Store in a cool, dry place
Usage Instructions:
Use as a soup base or flavour booster for your favourite dish!
Size:
45g
Warning:
Great Taste is in our Nature. At Continental we partner with our Australian Farmers to grow all of the wheat used in the flour for our noodles sustainably growing our sustainable wheat in a way which minimises water and fertiliser use, protecting the biodiversity of the land and reducing energy consumption and waste. It's not only good For the planet but tastes great!
Preparation Instructions:
Cooking Instructions
Empty soup mix into a saucepan with 4 cups (1 litre) of cold water and mix well.
Stir until boiling then simmer for 5 minutes, stirring occasionally.
Code: 129335P
1 2 9 3 3 5 P
Customers also purchased
Trident Thai Tom Yum Goong Soup 50g
Trident Thai Tom Yum Goong Soup
50g
$1.10
50g $2.20 per 100G
Unit Price
Add
1
for $1.10

Continental Cream Of Chicken Soup Serves 4 45g
Continental Cream Of Chicken Soup Serves 4
45g
$1.70
45g $3.78 per 100G
Unit Price
Add
1
for $1.70

Continental French Onion Soup Serves 4 40g
Continental French Onion Soup Serves 4
40g
$1.20
40g $3.00 per 100G
Unit Price
Add
1
for $1.20"	['/wcsstore/Coles-CAS/images/1/2/9/129335-th.jpg', '/wcsstore/Coles-CAS/images/1/2/9/129335_R-th.jpg', '/wcsstore/Coles-CAS/images/1/2/9/129335_B-th.jpg']
Maggi	2 Minute Beef Flavour Noodles 12 Pack	$ 10 .00	888g	$1.13 per 100G	"Nutrition Facts
Serving size: 1 serving = 380 g
Qty
Quantity
per serving Qty
Quantity
per 100g / 100ml %
Percentage
daily intake*
Energy 1365 kJ As Prepared 360 kJ 16%
Protein 7.6 g As Prepared 2 g 15%
Total Fat
Not provided
3.1 g 17%
Saturated Fat 5.6 g As Prepared 1.5 g 23%
Carbohydrate 46 g As Prepared 12.1 g 15%
Sugars 1 g As Prepared 1 g 1%
Dietary Fibre Total 1.8 g As Prepared 1 g 6%
Sodium 920 mg As Prepared 240 mg 40%
*Percentage Daily Intake per serving. Percentage Daily Intakes are based on an average adult diet of 8700 kJ. Your daily intakes may be higher or lower depending on your energy needs.
Disclaimer:
Product details, including nutritional information and country of origin, may change from time to time and so the product you receive in your order may not reflect the information on this page. Please check the packaging on any product you purchase and if it's not what you expected, feel free to return it for a full refund.
Details
Country of Origin:
Made in Malaysia
Ingredients:
Our Chosen Ingredients: Noodle Cake: Wheat Flour, Vegetable Oil [Antioxidant (319)], Salt, Mineral Salts (508, 451, 501, 500), Vegetable Gum (412). Flavour Sachet: Mineral Salt (508), Iodised Salt, Flavour Enhancers (621, 635), Sugar, Yeast Extract, Flavour, Colour (Caramel Iii), Vegetable Fat [Antioxidant (320)], Onion, Soy Sauce Powder ( Soy and Wheat ), Food Acid (Citric), White Pepper, Rosemary.
Allergen:
Contains Wheat
Servings Per Pack:
12.0
Storage Instructions:
Store in A Cool Dry Place
Size:
888 g
Preparation Instructions:
Stove Top Break Noodle Cake in Quarters. Cook in 1 1/2 Cups (375ml) Boiling Water On Stove Top for 2 Minutes. Stir in Contents of Flavour Sachet. Microwave Break Noodle Cake in Quarters. Cook in 1 1/2 Cups (375ml) Boiling Water in An 850 Watt Microwave Oven On High for 2 Minutes. Stir in Contents of Flavour Sachet. Caution Take Care When Removing As Contents Will Be Very Hot. Serve With Or Without Broth As Desired Fresh Meal Ideas Fried Beef Noodles Serves: 4 Prep Time: 5 Minutes Cooking Time:
15 Minutes 2 Pkts Maggi 2 Minute Beef Noodles 2 Tsp Vegetable Oil 2 Eggs, Lightly Beaten 200g Lean Beef Rump Steak, Sliced Thinly 1(150g) Onion, Chopped Finely 2 Tsp Garlic Puree 1 (120g) Carrot, Peeled and Cut Into Matchsticks 2 Cups (240g) Frozen Peas, Thawed 2 Tsp Maggi Original Seasoning 1 (25g) Shallot, Finely Sliced
Set Aside Maggi 2 Minute Beef Noodles Flavour Sachets and Cook Maggi 2 Minute Beef Noodles According To Packet Directions; Drain Well and Keep Warm.
Meanwhile, Heat Oil in Wok Or Large Frying Pan Over Medium Heat; Add Eggs; Swirl Over the Base of Pan To Form An Omelette; Cook 2 Minutes, Turn Over, Cook A Further 2 Minutes Or Until Set. Transfer To A Chopping Board, Cool Slightly. Roll Up Tightly and Slice Thinly; Set Aside.
Add Beef To Wok Or Frying Pan; Cook 2 Minutes. Add Onion and Garlic and Cook for A Further 2 Minutes Or Until Onion Has Softened. Add Carrot, Peas, Maggi Original Seasoning, Cooked Maggi 2 Minute Beef Noodles and Contents of Maggi 2 Minute Beef Noodles Flavour Sachets; Stir 2-3 Minutes Or Until Heated Through. Stir Through Egg and Shallots and Serve. Tip: Try Replacing Frozen Peas With Frozen Mix Vegetables for An Extra Colourful Dish.
Code: 1616637P
1 6 1 6 6 3 7 P
Customers also purchased
Maggi Fusian Mi Goreng Hot And Spicy Flavour Noodles 5 Pack 365g
Maggi Fusian Mi Goreng Hot And Spicy Flavour Noodles 5 Pack
365g
$5.50
365g $1.51 per 100G
Unit Price
3more varieties
of Maggi Fusian Mi Goreng Hot And Spicy Flavour Noodles 5 Pack 365g
Add
1
for $5.50

Maggi Fusian Mi Goreng Soy And Mild Spice Flavour Noodles 5 Pack 360g
Maggi Fusian Mi Goreng Soy And Mild Spice Flavour Noodles 5 Pack
360g
$5.50
360g $1.53 per 100G
Unit Price
3more varieties
of Maggi Fusian Mi Goreng Soy And Mild Spice Flavour Noodles 5 Pack 360g
Add
1
for $5.50

Maggi 2 Minute Chicken Flavour Noodles 12 Pack 864g
Maggi 2 Minute Chicken Flavour Noodles 12 Pack
864g
$10.00
Until 02 May 2023
864g $1.16 per 100G
Unit Price
Add
1
for $10.00

Maggi 2 Minute Noodles Chicken Wholegrain 12 Pack 828g
Maggi 2 Minute Noodles Chicken Wholegrain 12 Pack
828g
$10.00
Until 02 May 2023
828g $1.21 per 100G
Unit Price
Add
1
for $10.00"	['/wcsstore/Coles-CAS/images/1/6/1/1616637-th.jpg', '/wcsstore/Coles-CAS/images/1/6/1/1616637_B-th.jpg']
Maggi	Fusian Mi Goreng Soy And Mild Spice Flavour Noodles 5 Pack	$ 5 .50	360g	$1.53 per 100G	"Nutrition Facts
Serving size: 1 serving = 136 g
Qty
Quantity
per serving Qty
Quantity
per 100g / 100ml %
Percentage
daily intake*
Energy 1470 kJ As Prepared 1080 kJ 17%
Protein 6.1 g As Prepared 4.5 g 12%
Total Fat
Not provided
12.5 g 24%
Saturated Fat 7.9 g As Prepared 5.8 g 33%
Carbohydrate 43.8 g As Prepared 32.2 g 14%
Sugars 4.2 g As Prepared 3.1 g 5%
Dietary Fibre Total 2.1 g As Prepared 1.5 g 7%
Sodium 865 mg As Prepared 635 mg 38%
*Percentage Daily Intake per serving. Percentage Daily Intakes are based on an average adult diet of 8700 kJ. Your daily intakes may be higher or lower depending on your energy needs.
Disclaimer:
Product details, including nutritional information and country of origin, may change from time to time and so the product you receive in your order may not reflect the information on this page. Please check the packaging on any product you purchase and if it's not what you expected, feel free to return it for a full refund.
Details
Country of Origin:
Made in Malaysia
Ingredients:
Our Chosen Ingredients Noodle Cake : Wheat Flour, Vegetable Oil [Antioxidant (319)], Salt, Mineral Salts (451, 501, 500), Vegetable Gum (412), Colour (Riboflavin). Spice Mix : Salt, Flavour Enhancers (621, 635), Onion, Garlic, Maltodextrin, Vegetable Fat [Antioxidant (320)]. Sweet Soy Sauce: Sugar, Molasses, Water, Soy Sauce [(7.5%) (Water, Soybeans , Salt, W Hea T )], Salt, Colour (Caramel Iii), Preservative (202). Seasoning Oil : Shallot Oil (Vegetable Oil [(Antioxidant 319)], Shallots). Chilli Flakes : Chilli Flakes Contains Wheat and Soy. May Contain Celery, Crustacean, Fish, Milk and Mustard.
Allergen:
Contains Wheat
Servings Per Pack:
5.0
Storage Instructions:
Store in A Cool Dry Place.
Size:
360 g
Preparation Instructions:
Cook: Microwave Break Noodle Cake Into Quarters. Cook in 1 1/2 Cups (375ml) of Boiling Water in A 850 Watt Microwave Oven On High for 3 Minutes. Caution: Bowl Will Be Hot - We Really Mean It Or ... Old School (Stove Top) Break Noodle Cake Into Quarters. Cook in 1 1/2 Cups (375ml) of Boiling Water On Stove Top for 3 Minutes.
Drain All Water from Noodles - Trust Us, It Tastes Better This Way.
Mix Sachets Into Bowl of Noodles. Add As Much Or As Little As You Like and Give It A Good Stir.
Eat and Enjoy the Intriguing Fusian Flavours! Balance Your Meal Simply Add Lean Protein and Fresh Vegetables 1 Pack = 1 Portion Chicken Noodle Stir Fry Serves: 4 Preparation Time: 10 Minutes Cooking Time: 15 Minutes 2 Pkts Maggi Mi Goreng Fusian Soy and Mild Noodles 1 Tbsp Soy Sauce (Salt Reduced) 1tbsp Honey 1 Tsp Ginger Puree 500g Chicken Breast, Cut Into Approx. 2cm Thick Strips 2 (50g) Spring Onions, Trimmed and Cut Into 2cm Lengths 180g Broccoli, Cut Into Florets 1 Medium (200g) Red Capsicum, Thinly Sliced
Cook Maggi Mi Goreng Fusian Soy and Mild Noodles According To Packet Directions, Drain, Rinse Under Cold Water, Set Aside.
Combine All Maggi Mi Goreng Fusian Soy and Mild Noodles Flavour Sachets, Soy Sauce, Honey and Ginger in A Mixing Bowl and Set Aside.
Heat Saucepan Or Wok Over High Heat, Add Chicken To Pan, Cook for 5 Minutes. Add Spring Onions, Broccoli and Red Capsicum, Stir Through and Cook for 3 Minutes.
Add Noodles , Flavour Sachet Mixture, Stir Through Until Heated Through.
Code: 8097800P
8 0 9 7 8 0 0 P
Customers also purchased
Maggi Fusian Mi Goreng Hot And Spicy Flavour Noodles 5 Pack 365g
Maggi Fusian Mi Goreng Hot And Spicy Flavour Noodles 5 Pack
365g
$5.50
365g $1.51 per 100G
Unit Price
3more varieties
of Maggi Fusian Mi Goreng Hot And Spicy Flavour Noodles 5 Pack 365g
Add
1
for $5.50

Maggi 2 Minute Oriental Flavour Noodles 5 Pack 370g
Maggi 2 Minute Oriental Flavour Noodles 5 Pack
370g
$5.00
370g $1.35 per 100G
Unit Price
4more varieties
of Maggi 2 Minute Oriental Flavour Noodles 5 Pack 370g
Add
1
for $5.00

Maggi 2 Minute Wholegrain Chicken Flavour Noodles 5 Pack 345g
Maggi 2 Minute Wholegrain Chicken Flavour Noodles 5 Pack
345g
$5.00
345g $1.45 per 100G
Unit Price
5more sizes and varieties
of Maggi 2 Minute Wholegrain Chicken Flavour Noodles 5 Pack 345g
Add
1
for $5.00"	['/wcsstore/Coles-CAS/images/8/0/9/8097800-th.jpg', '/wcsstore/Coles-CAS/images/8/0/9/8097800_L-th.jpg', '/wcsstore/Coles-CAS/images/8/0/9/8097800_R-th.jpg', '/wcsstore/Coles-CAS/images/8/0/9/8097800_B-th.jpg']
Birds Eye	Frozen Steamfresh Fried Rice Vegetables 2Pack	$ 6 .50	400g	$1.63 per 100G	"Nutrition Facts
Serving size: 1 serving = 200g
Qty
Quantity
per serving Qty
Quantity
per 100g / 100ml %
Percentage
daily intake*
Energy 1110kJ 554kJ
Not provided
Protein 7g 3.5g
Not provided
Total Fat 7g 3.5g
Not provided
Saturated Fat 1.4g 0.7g
Not provided
Trans
Less than
< 0.1g
Less than
< 0.1g
Not provided
Polyunsaturated 2.8g 1.4g
Not provided
Mono Unsaturated 2.8g 1.4g
Not provided
Carbohydrate 40.8g 20.4g
Not provided
Sugars 4g 2g
Not provided
Dietary Fibre Total 4.6g 2.3g
Not provided
Sodium 294mg 147mg
Not provided
*Percentage Daily Intake per serving. Percentage Daily Intakes are based on an average adult diet of 8700 kJ. Your daily intakes may be higher or lower depending on your energy needs.
Disclaimer:
Product details, including nutritional information and country of origin, may change from time to time and so the product you receive in your order may not reflect the information on this page. Please check the packaging on any product you purchase and if it's not what you expected, feel free to return it for a full refund.
Details
Country of Origin:
Made in Belgium
Ingredients:
Vegetables (40%) (carrot, peas, fried onion (onion, sunflower oil), green beans, corn, spring onions), cooked brown rice (25%), cooked white rice (23%), omelette (*egg*, water, canola oil, starch, salt, concentrated lemon juice, spices (pepper, tumeric, paprika)), *soy* sauce (contains *wheat*), vegetable oil (rice bran, *sesame*), ginger, garlic, rice starch. *Contains egg, soy, sesame and wheat.* *May be present tree nuts, milk, crustacea, fish, barley, oats and spelt.*
Allergen:
May Contain Barley, Contains Soybean, May Contain Crustacea, May Contain Milk, Contains Egg, May Contain Fish, May Contain Tree Nuts, Contains Wheat, Contains Sesame Seeds
Servings Per Pack:
2.0
Dimensions:
250 x 230 x 20mm
Size:
400g
Code: 3635235P
3 6 3 5 2 3 5 P
Customers also purchased
Birds Eye Frozen Steam Fresh Carrot Cauliflower & Broccoli Mix 3 pack 450g
Birds Eye Frozen Steam Fresh Carrot Cauliflower & Broccoli Mix 3 pack
450g
$3.90
450g $8.67 per 1Kg
Unit Price
Add
1
for $3.90

Birds Eye Frozen SteamFresh Broccoli Cauliflower & Carrots With Cheese Sauce 2 Pack 400g
Birds Eye Frozen SteamFresh Broccoli Cauliflower & Carrots With Cheese Sauce 2 Pack
400g
$6.50
400g $16.25 per 1Kg
Unit Price
Add
1
for $6.50

Birds Eye Frozen Steam Fresh Plus Pearl CousCous With Chick Peas 2 pack 400g
Birds Eye Frozen Steam Fresh Plus Pearl CousCous With Chick Peas 2 pack
400g
$7.50
400g $18.75 per 1Kg
Unit Price
Add
1
for $7.50

Birds Eye Frozen Steamfresh Potato Mash With Butter 400g
Birds Eye Frozen Steamfresh Potato Mash With Butter
400g
$6.50
400g $16.25 per 1Kg
Unit Price
Add
1
for $6.50"	['/wcsstore/Coles-CAS/images/3/6/3/3635235-th.jpg', '/wcsstore/Coles-CAS/images/3/6/3/3635235_B-th.jpg']
Birds Eye	Frozen Fish Fillets With Herb & Garlic Crumb Oven Bake 6 pack	$ 10 .50	425g	$24.71 per 1Kg	"Nutrition Facts
Serving size: 1 serving = 141g
Qty
Quantity
per serving Qty
Quantity
per 100g / 100ml %
Percentage
daily intake*
Energy 1240kJ 878kJ
Not provided
Protein 17.1g 12.1g
Not provided
Total Fat 12.4g 8.8g
Not provided
Saturated Fat 1.3g 0.9g
Not provided
Trans 0.1g 0.1g
Not provided
Polyunsaturated 3.4g 2.4g
Not provided
Mono Unsaturated 7.8g 5.5g
Not provided
Carbohydrate 27.9g 19.8g
Not provided
Sugars 5.4g 3.8g
Not provided
Dietary Fibre Total 1.8g 1.3g
Not provided
Sodium 381mg 270mg
Not provided
*Percentage Daily Intake per serving. Percentage Daily Intakes are based on an average adult diet of 8700 kJ. Your daily intakes may be higher or lower depending on your energy needs.
Disclaimer:
Product details, including nutritional information and country of origin, may change from time to time and so the product you receive in your order may not reflect the information on this page. Please check the packaging on any product you purchase and if it's not what you expected, feel free to return it for a full refund.
Details
Ingredients:
Alaskan *pollock* or New Zealand *hoki* fillets (51%). Crumb coating (49%) (*wheat* flour, water, canola oil, *wheat* starch, tapioca starch, potato starch, salt, glucose, chia flour, *wheat* gluten, herbs (0.2%) (parsley, marjoram, rosemary, sage, thyme), yeast, garlic powder (0.2%), sugar, black pepper, onion powder). *Contains fish and wheat.*
Allergen:
Contains Fish, Contains Wheat
Servings Per Pack:
3.0
Dimensions:
185 x 149 x 55mm
Size:
425g
Code: 6621383P
6 6 2 1 3 8 3 P
Customers also purchased
Birds Eye Frozen Fish Fillets With Original Lightly Battered Oven Bake 6 Pack 425g
Birds Eye Frozen Fish Fillets With Original Lightly Battered Oven Bake 6 Pack
425g
$10.50
425g $24.71 per 1Kg
Unit Price
Add
1
for $10.50

Birds Eye Frozen Fish Fillets With Lemon Crumb Oven Bake 6 pack 425g
Birds Eye Frozen Fish Fillets With Lemon Crumb Oven Bake 6 pack
425g
$10.50
425g $24.71 per 1Kg
Unit Price
Add
1
for $10.50

Birds Eye Frozen Salmon Cakes With Vegetables & Herbs 6 Pack 480g
Birds Eye Frozen Salmon Cakes With Vegetables & Herbs 6 Pack
480g
$8.00
480g $16.67 per 1Kg
Unit Price
Add
1
for $8.00

Birds Eye Frozen Fish Fillets With Lemon Pepper Crumb Oven Bake 6 pack 425g
Birds Eye Frozen Fish Fillets With Lemon Pepper Crumb Oven Bake 6 pack
425g
$10.50
425g $24.71 per 1Kg
Unit Price
Add
1
for $10.50"	['/wcsstore/Coles-CAS/images/6/6/2/6621383-th.jpg', '/wcsstore/Coles-CAS/images/6/6/2/6621383_L-th.jpg', '/wcsstore/Coles-CAS/images/6/6/2/6621383_R-th.jpg', '/wcsstore/Coles-CAS/images/6/6/2/6621383_B-th.jpg']
Continental	Cup A Soup Chicken Noodle Soup Serves 4	$ 3 .00	40g	$7.50 per 100G	"Nutrition Facts
Serving size: 1 serving = 250mL as prepared +
Qty
Quantity
per serving Qty
Quantity
per 100g / 100ml %
Percentage
daily intake*
Energy 192kJ 77kJ 2%
Energy Cal 46Cal 18Cal
Not provided
Protein 1.4g 0.6g 3%
Total Fat 0.6g 0.2g 0.90%
Saturated Fat 0.1g
Less than
< 0.1g 0.30%
Carbohydrate 8.4g 3.3g 3%
Sugars 1.5g 0.6g 2%
Sodium 705mg 280mg 31%
*Percentage Daily Intake per serving. Percentage Daily Intakes are based on an average adult diet of 8700 kJ. Your daily intakes may be higher or lower depending on your energy needs.
Disclaimer:
Product details, including nutritional information and country of origin, may change from time to time and so the product you receive in your order may not reflect the information on this page. Please check the packaging on any product you purchase and if it's not what you expected, feel free to return it for a full refund.
Details
Ingredients:
Our ingredients... Noodles (51%) (wheat^ flour, wheat gluten), maltodextrin, salt, sugar, chicken flavour (contains milk), flavour enhancers (621, 627), sunflower oil, mineral salt (potassium chloride), parsley, natural colour (turmeric), spice extracts. ^From sustainably grown Australian wheat.
Contains:
Wheat and Milk 4 pack 40G
Allergen:
May Be Present Sesame, May Be Present Crustacea, May Be Present Tree Nuts, May Be Present Peanuts, Contains Wheat, Contains Milk, May Be Present Lupin, May Be Present Fish, May Be Present Egg
Servings Per Pack:
4.0
Usage Instructions:
Need more from your lunch? Try a Cup a Soup with your sandwich!
Size:
4 Pack 40g
Preparation Instructions:
Directions: 1) Empty contents of one sachet into a 250mL mug. 2) Fill with boiling water and stir continuously for 15-20 seconds. Important... To ensure a smooth consistency, do not begin stirring soup until all the water has been poured into the mug.
Code: 129696P
1 2 9 6 9 6 P
Customers also purchased
Continental Cup A Soup Tomato Soup Serves 4 80g
Continental Cup A Soup Tomato Soup Serves 4
80g
$3.00
80g $3.75 per 100G
Unit Price
Add
1
for $3.00

Continental Cup A Soup Cream Of Chicken Soup Serves 4 75g
Continental Cup A Soup Cream Of Chicken Soup Serves 4
75g
$3.00
75g $4.00 per 100G
Unit Price
Add
1
for $3.00

Continental Cup A Soup Chicken With Lots of Noodles Serves 2 60g
Continental Cup A Soup Chicken With Lots of Noodles Serves 2
60g
$2.80
60g $4.67 per 100G
Unit Price
Add
1
for $2.80

Continental Cup A Soup Hearty Beef Soup Serves 4 55g
Continental Cup A Soup Hearty Beef Soup Serves 4
55g
$3.00
55g $5.45 per 100G
Unit Price
Add
1
for $3.00"	['/wcsstore/Coles-CAS/images/1/2/9/129696-th.jpg', '/wcsstore/Coles-CAS/images/1/2/9/129696_B-th.jpg']
Birds Eye	Frozen Fish Fillets With Lemon Pepper Crumb Oven Bake 6 pack	$ 10 .50	425g	$24.71 per 1Kg	"Nutrition Facts
Serving size: 1 serving = 141g
Qty
Quantity
per serving Qty
Quantity
per 100g / 100ml %
Percentage
daily intake*
Energy 1240kJ 878kJ
Not provided
Protein 17.1g 12.1g
Not provided
Total Fat 12.4g 8.8g
Not provided
Saturated Fat 1.3g 0.9g
Not provided
Trans 0.1g 0.1g
Not provided
Polyunsaturated 3.4g 2.4g
Not provided
Mono Unsaturated 7.8g 5.5g
Not provided
Carbohydrate 27.9g 19.8g
Not provided
Sugars 5.4g 3.8g
Not provided
Dietary Fibre Total 1.8g 1.3g
Not provided
Sodium 353mg 250mg
Not provided
*Percentage Daily Intake per serving. Percentage Daily Intakes are based on an average adult diet of 8700 kJ. Your daily intakes may be higher or lower depending on your energy needs.
Disclaimer:
Product details, including nutritional information and country of origin, may change from time to time and so the product you receive in your order may not reflect the information on this page. Please check the packaging on any product you purchase and if it's not what you expected, feel free to return it for a full refund.
Details
Ingredients:
Alaskan *pollock* or New Zealand *hoki* fillets (51%). Crumb coating (49%) (*wheat* flour, water, canola oil, *wheat* starch, tapioca starch, potato starch, salt, glucose, black pepper (0.4%), chia flour, sugar, *wheat* gluten, yeast, food acid (citric), lemon extract (0.1%), natural flavour). *Contains fish and wheat.*
Allergen:
Contains Fish, May Contain Milk, May Contain Sesame Seeds, Contains Wheat
Servings Per Pack:
3.0
Dimensions:
185 x 149 x 55mm
Size:
425g
Preparation Instructions:
Refer to pack
Code: 4896121P
4 8 9 6 1 2 1 P
Customers also purchased
Birds Eye Frozen Fish Fillets With Original Crumb Oven Bake 6 pack 425g
Birds Eye Frozen Fish Fillets With Original Crumb Oven Bake 6 pack
425g
$10.50
425g $24.71 per 1Kg
Unit Price
Add
1
for $10.50

Birds Eye Frozen Fish Fillets With Herb & Garlic Crumb Oven Bake 6 pack 425g
Birds Eye Frozen Fish Fillets With Herb & Garlic Crumb Oven Bake 6 pack
425g
$10.50
425g $24.71 per 1Kg
Unit Price
Add
1
for $10.50

I&J Frozen Tasty Lightly Crumbed Calamari Rings 400g everyday product
I&J Frozen Tasty Lightly Crumbed Calamari Rings
400g everyday product
$9.00
400g $22.50 per 1Kg
Unit Price
Add
1
for $9.00

Birds Eye Frozen Salmon Cakes With Vegetables & Herbs 6 Pack 480g
Birds Eye Frozen Salmon Cakes With Vegetables & Herbs 6 Pack
480g
$8.00
480g $16.67 per 1Kg
Unit Price
Add
1
for $8.00"	['/wcsstore/Coles-CAS/images/4/8/9/4896121-th.jpg', '/wcsstore/Coles-CAS/images/4/8/9/4896121_R-th.jpg', '/wcsstore/Coles-CAS/images/4/8/9/4896121_B-th.jpg']
Maggi	Fusian Mi Goreng Hot And Spicy Flavour Noodles 5 Pack	$ 5 .50	365g	$1.51 per 100G	"Nutrition Facts
Serving size: 1 serving = 136 g
Qty
Quantity
per serving Qty
Quantity
per 100g / 100ml %
Percentage
daily intake*
Energy 1500 kJ As Prepared 1100 kJ 17%
Protein 6.1 g As Prepared 4.5 g 12%
Total Fat
Not provided
12.5 g 24%
Saturated Fat 7.9 g As Prepared 5.8 g 33%
Carbohydrate 44.6 g As Prepared 32.8 g 14%
Sugars 5.2 g As Prepared 3.8 g 6%
Dietary Fibre Total 2 g As Prepared 1.5 g 7%
Sodium 830 mg As Prepared 610 mg 36%
*Percentage Daily Intake per serving. Percentage Daily Intakes are based on an average adult diet of 8700 kJ. Your daily intakes may be higher or lower depending on your energy needs.
Disclaimer:
Product details, including nutritional information and country of origin, may change from time to time and so the product you receive in your order may not reflect the information on this page. Please check the packaging on any product you purchase and if it's not what you expected, feel free to return it for a full refund.
Details
Country of Origin:
Made in Malaysia
Ingredients:
Our Chosen Ingredients Noodle Cake: Wheat Flour, Vegetable Oil [Antioxidant (319)], Salt, Mineral Salts (451, 501, 500), Vegetable Gum (412), Colour (Riboflavin). Spice Mix: Sugar, Salt, Flavour Enhancers (621, 635), Onion, Chilli (0.1%), Maltodextrin, Garlic, Vegetable Fat [Antioxidant (320)], Spice Extract ( Soy ). Sweet Soy Sauce: Sugar, Molasses,Water, Soy Sauce (Water, Soybeans , Salt, Wheat ), Salt, Colour (Caramel Iii), Preservative (202). Seasoning Oil: Shallot Oil (Vegetable Oil [Antioxidant (319)], Shallots). Chilli Flakes: Chilli Flakes (0.2%). Contains Wheat and Soy May Contain Celery, Crustacean, Fish, Milk, and Mustard.
Allergen:
Contains Wheat
Servings Per Pack:
5.0
Storage Instructions:
Store in A Cool Dry Place
Size:
365 g
Preparation Instructions:
Cook: Microwave Break Noodle Cake Into Quarters.Cook in 1 1/2 Cups (375ml) of Boiling Water in A 850 Watt Microwave Oven On High for 3 Minutes. Caution: Bowl Will Be Hot - We Really Mean It. Or... Old School (Stove Top) Break Noodle Cake Into Quarters.Cook in 1 1/2 Cups (375ml) of Boiling Water On Stove Top for 3 Minutes.
Drain All Water from the Noodles - Trust Us, It Tastes Better This Way. Caution: Bowl Will Be Hot !
Mix Sachets Into Bowl of Noodles. Add As Much Or As Little As You Like and Give It A Good Stir.
Eat! and Enjoy the Intriguing Fusian Flavours. Balance Your Meal Simply Add Lean Protein and Fresh Vegetables . 1 Pack = 1 Portion Spicy Chicken Noodle Salad Preparation Time: 5 Minutes Serves: 4 Cooking Time : 5 Minutes 2 Pkts Maggi Fusian Mi Goreng Hot & Spicy Noodles 2 Tbsp Soy Sauce (Salt Reduced) 2 Tsp Ginger Puree 2 Tsp Brown Sugar (225g) Bbq Chicken , Shredded 1 (120g) Carrot, Cut Into Thin Strips 1 (200g) Red Capsicum, Thinly Sliced 1/2 Bunch Coriander Leaves 1 Lime, Cut Into Wedges 2 Tbsp Toasted Sesame Seeds, Optional
Cook Maggi Mi Goreng Fusian Hot & Spicy Noodles According To Packet Directions, Drain, Rinse Under Cold Water, Set Aside.
Combine All Maggi Mi Goreng Fusian Hot & Spicy Noodles Flavour Sachets Soy Sauce, Ginger Puree and Brown Sugar in A Mixing Bowl and Set Aside.
in A Large Bowl, Combine Noodles, Chicken, Carrots, Red Capsicum and Coriander. Add Flavour Sachet Mixture; Mix Well and Garnish With Lime Wedges and Sesame Seeds If Desired.
Code: 8097811P
8 0 9 7 8 1 1 P
Customers also purchased
Maggi Fusian Mi Goreng Soy And Mild Spice Flavour Noodles 5 Pack 360g
Maggi Fusian Mi Goreng Soy And Mild Spice Flavour Noodles 5 Pack
360g
$5.50
360g $1.53 per 100G
Unit Price
3more varieties
of Maggi Fusian Mi Goreng Soy And Mild Spice Flavour Noodles 5 Pack 360g
Add
1
for $5.50

Maggi 2 Minute Oriental Flavour Noodles 5 Pack 370g
Maggi 2 Minute Oriental Flavour Noodles 5 Pack
370g
$5.00
370g $1.35 per 100G
Unit Price
4more varieties
of Maggi 2 Minute Oriental Flavour Noodles 5 Pack 370g
Add
1
for $5.00

Maggi Fusian Soupy Malaysian Laksa Flavour Noodles 5 Pack 345g
Maggi Fusian Soupy Malaysian Laksa Flavour Noodles 5 Pack
345g
$5.50
345g $1.59 per 100G
Unit Price
3more varieties
of Maggi Fusian Soupy Malaysian Laksa Flavour Noodles 5 Pack 345g
Add
1
for $5.50

Maggi Fusian Soupy Thai Tom Yum Flavour Noodles 5 Pack 400g
Maggi Fusian Soupy Thai Tom Yum Flavour Noodles 5 Pack
400g
$5.50
400g $1.38 per 100G
Unit Price
3more varieties
of Maggi Fusian Soupy Thai Tom Yum Flavour Noodles 5 Pack 400g
Add
1
for $5.50"	['/wcsstore/Coles-CAS/images/8/0/9/8097811-th.jpg', '/wcsstore/Coles-CAS/images/8/0/9/8097811_B-th.jpg']
Maggi	2 Minute Wholegrain Beef Flavour Noodles 5 Pack	$ 5 .00	335g	$1.49 per 100G	"Nutrition Facts
Serving size: 1 serving = 380 g
Qty
Quantity
per serving Qty
Quantity
per 100g / 100ml %
Percentage
daily intake*
Energy 1030 kJ As Prepared 270 kJ 12%
Protein 7.5 g As Prepared 2 g 15%
Total Fat
Not provided
1 g 2%
Saturated Fat 1 g As Prepared 1 g 1%
Carbohydrate 48.6 g As Prepared 12.8 g 16%
Sugars 1 g As Prepared 1 g 1%
Dietary Fibre Total 2.6 g As Prepared 1 g 9%
Sodium 930 mg As Prepared 245 mg 40%
*Percentage Daily Intake per serving. Percentage Daily Intakes are based on an average adult diet of 8700 kJ. Your daily intakes may be higher or lower depending on your energy needs.
Disclaimer:
Product details, including nutritional information and country of origin, may change from time to time and so the product you receive in your order may not reflect the information on this page. Please check the packaging on any product you purchase and if it's not what you expected, feel free to return it for a full refund.
Details
Country of Origin:
Made in Malaysia
Ingredients:
Our Chosen Ingredients Noodle Cake: Wheat Flour, Wholemeal Flour (10%) ( Wheat ), Tapioca Starch, Mineral Salts (508, 451, 501, 500), Vegetable Oil [Antioxidant (320)], Salt, Stabilisers (405, 415, 466), Vegetable Gum (412). Flavour Sachet: Mineral Salt (508), Salt, Flavour Enhancers (621, 635), Sugar, Yeast Extract, Flavour, Colour (Caramel Iii), Vegetable Fat [Antioxidant (320)], Onion, Soy Sauce Powder ( Wheat and Soy ), Food Acid (Citric), White Pepper, Rosemary. Contains Wheat, Gluten, Soy May Contain Celery, Crustacean, Fish, Milk and Mustard.
Allergen:
Contains Wheat
Servings Per Pack:
5.0
Storage Instructions:
Store in A Cool Dry Place.
Size:
335 g
Preparation Instructions:
Stove Top Break Noodle Cake in Quarters and Place in A Small Saucepan. Cook in 11/2 Cups (375ml) Boiling Water On Stove Top for 2 Minutes. Stir in Contents of Flavour Sachet. Microwave Break Noodle Cake in Quarters and Place in A Medium Microwave-Safe Bowl. Cook in 11/2 Cups (375ml) Boiling Water in An 850 Watt Microwave Oven On High for 2 Minutes. Stir in Contents of Flavour Sachet. Caution Take Care When Removing As Contents Will Be Very Hot. Serve With Or Without Broth As Desired Savoury Noodle Fritters Makes 8 Fritters Prep Time:
10 Minutes Cook Time: 10 Minutes Easy 2 Packets Maggi 2 Minute Noodles Wholegrain Beef Flavour 2 Eggs, Lightly Beaten 1 (150g) Red Capsicum, Chopped Finely 1 (120g) Zucchini, Grated 1/2 Cup (45g) Shallots, Sliced Thinly Spray Oil, for Cooking
Set Aside Flavour Sachets, Cook Noodles According To Packet Directions; Drain Well.
Combine Contents of Flavour Sachets and Eggs in A Medium Bowl; Add Capsicum, Zucchini, Shallots and Noodles, Mix Well.
Heat Oil in A Large Fry Pan; Drop Cup (60ml) of Mixture Into Pan; Cook 1 Minute Each Side Or Until Golden and Egg is Set; Repeat With Remaining Mixture.
Serve Fritters Topped With Extra Sliced Green Onion and A Green Salad, If Desired.
Code: 2453141P
2 4 5 3 1 4 1 P
Customers also purchased
Maggi Fusian Mi Goreng Soy And Mild Spice Flavour Noodles 5 Pack 360g
Maggi Fusian Mi Goreng Soy And Mild Spice Flavour Noodles 5 Pack
360g
$5.50
360g $1.53 per 100G
Unit Price
3more varieties
of Maggi Fusian Mi Goreng Soy And Mild Spice Flavour Noodles 5 Pack 360g
Add
1
for $5.50

Maggi 2 Minute Wholegrain Chicken Flavour Noodles 5 Pack 345g
Maggi 2 Minute Wholegrain Chicken Flavour Noodles 5 Pack
345g
$5.00
345g $1.45 per 100G
Unit Price
5more sizes and varieties
of Maggi 2 Minute Wholegrain Chicken Flavour Noodles 5 Pack 345g
Add
1
for $5.00

Maggi 2 Minute Noodles Chicken Wholegrain 12 Pack 828g
Maggi 2 Minute Noodles Chicken Wholegrain 12 Pack
828g
$10.00
Until 02 May 2023
828g $1.21 per 100G
Unit Price
Add
1
for $10.00"	['/wcsstore/Coles-CAS/images/2/4/5/2453141-th.jpg', '/wcsstore/Coles-CAS/images/2/4/5/2453141_B-th.jpg']
Maggi	Fusian Noodle Cup Hot & Spicy	$ 1 .80	65g	$2.77 per 100G	"Disclaimer:
Product details, including nutritional information and country of origin, may change from time to time and so the product you receive in your order may not reflect the information on this page. Please check the packaging on any product you purchase and if it's not what you expected, feel free to return it for a full refund.
Details
Country of Origin:
Made in Malaysia
Dimensions:
107 x 93 x 93mm
Size:
65g
Code: 8097710P
8 0 9 7 7 1 0 P
Customers also purchased
Maggi Fusian Noodle Cup Soy & Mild Spice 64g on special
Maggi Fusian Noodle Cup Soy & Mild Spice
64g on special
$1.80
save
$0.70
64g $2.81 per 100G
Unit Price
Add
1
for $1.80

Maggi Noodle Cup Oriental Flavour 60g on special
Maggi Noodle Cup Oriental Flavour
60g on special
$1.80
save
$0.70
60g $3.00 per 100G
Unit Price
Add
1
for $1.80

Maggi Fusian Noodle Cup Japanese Teriyaki Chicken 62g on special
Maggi Fusian Noodle Cup Japanese Teriyaki Chicken
62g on special
$1.80
save
$0.70
62g $2.90 per 100G
Unit Price
Add
1
for $1.80

Maggi Cup Malaysian Laksa Fusian Soupy Noodle 61g on special
Maggi Cup Malaysian Laksa Fusian Soupy Noodle
61g on special
$1.80
save
$0.70
61g $2.95 per 100G
Unit Price
Add
1
for $1.80"	['/wcsstore/Coles-CAS/images/8/0/9/8097710-th.jpg', '/wcsstore/Coles-CAS/images/8/0/9/8097710_B-th.jpg']
Maggi	2 Minute Noodles Chicken Wholegrain 12 Pack	$ 10 .00	828g	$1.21 per 100G	"Nutrition Facts
Serving size: 1 serving = 380 g
Qty
Quantity
per serving Qty
Quantity
per 100g / 100ml %
Percentage
daily intake*
Energy 960 kJ As Prepared 250 kJ 11%
Protein 7.3 g As Prepared 1.9 g 15%
Total Fat
Not provided
1 g 2%
Saturated Fat 1 g As Prepared 1 g 1%
Carbohydrate 45.2 g As Prepared 11.9 g 15%
Sugars 1.3 g As Prepared 1 g 1%
Dietary Fibre Total 2.5 g As Prepared 1 g 8%
Sodium 800 mg As Prepared 210 mg 35%
*Percentage Daily Intake per serving. Percentage Daily Intakes are based on an average adult diet of 8700 kJ. Your daily intakes may be higher or lower depending on your energy needs.
Disclaimer:
Product details, including nutritional information and country of origin, may change from time to time and so the product you receive in your order may not reflect the information on this page. Please check the packaging on any product you purchase and if it's not what you expected, feel free to return it for a full refund.
Details
Country of Origin:
Made in Malaysia
Ingredients:
Our Chosen Ingredients Noodle Cake: Wheat Flour, Wholemeal Flour (10%) ( Wheat ), Tapioca Starch, Water, Mineral Salts (508, 451, 501, 500), Vegetable Oil [Antioxidant (320)], Salt, Stabilisers (405, 415, 466), Vegetable Gum (412). Flavour Sachet: Mineral Salt (Potassium Chloride), Flavour Enhancers (621, 635), Maltodextrin, Salt, Flavours ( Wheat, Soy , Celery) , Sugar, Onion, Vegetable Fat [Antioxidant (320)], Parsley, Spices (Turmeric, Coriander, Cumin, Cardamom, Chilli, Ginger), Colour (Caramel Iii). Contains Wheat, Gluten, Soy. May Contain Crustacean, Fish, Milk, Mustard.
Allergen:
May Be Present Mustard, May Be Present Milk, May Be Present Crustacea, May Be Present Fish
Servings Per Pack:
12.0
Storage Instructions:
Store in A Cool Dry Place.
Size:
828 g
Preparation Instructions:
Stove Top Break Noodle Cake in Quarters and Place in A Small Saucepan.. Cook in 1 1/2 Cups (375ml) Boiling Water On Stove Top for 2 Minutes. Stir in Contents of Flavour Sachet. Microwave Break Noodle Cake in Quarters and Place in A Medium Microwave-Safe Bowl. Cook in 1 1/2 Cups (375ml) Boiling Water in An 850 Watt Microwave Oven On High for 2 Minutes. Stir in Contents of Flavour Sachet. Caution Take Care When Removing As Contents Will Be Very Hot. Serve With Or Without Broth As Desired Fresh Meal Ideas Veggie & Chicken Noodles Stir Fry Serves: 4 Prep Time:
10 Minutes Cooking Time: 6 Minutes 2 Pkts Maggi 2 Minute Noodles Chicken Wholegrain 1/2 (450g) Bbq Chicken, Shredded and Skin Removed 2 Cups (160g) Broccoli Florets 1 Cup (120g) Frozen Peas 3 Cups (60g) Baby Spinach Cup (60ml) Water
Cook Noodles According To Packet Instructions; Drain, Rinse Under Cold Water and Reserve.
Heat A Medium Frying Pan With Oil, Add Bbq Chicken, Broccoli, Peas and Cook for 4 Minutes Until Vegetables Are Tender and Chicken is Heated Through.
Stir in Reserved Noodles, Baby Spinach, Water, and Contents of Flavour Sachet. Cook for 1 Minute and Serve. Tip: If You Dont Have Bbq Chicken Use Sliced Chicken Breast and Cook for 5 Minutes Or Until Cooked Through.
Code: 2787850P
2 7 8 7 8 5 0 P
Customers also purchased
Maggi Fusian Mi Goreng Soy And Mild Spice Flavour Noodles 5 Pack 360g
Maggi Fusian Mi Goreng Soy And Mild Spice Flavour Noodles 5 Pack
360g
$5.50
360g $1.53 per 100G
Unit Price
3more varieties
of Maggi Fusian Mi Goreng Soy And Mild Spice Flavour Noodles 5 Pack 360g
Add
1
for $5.50

Maggi 2 Minute Beef Flavour Noodles 12 Pack 888g
Maggi 2 Minute Beef Flavour Noodles 12 Pack
888g
$10.00
Until 02 May 2023
888g $1.13 per 100G
Unit Price
Add
1
for $10.00

Maggi 2 Minute Wholegrain Beef Flavour Noodles 5 Pack 335g
Maggi 2 Minute Wholegrain Beef Flavour Noodles 5 Pack
335g
$5.00
335g $1.49 per 100G
Unit Price
4more varieties
of Maggi 2 Minute Wholegrain Beef Flavour Noodles 5 Pack 335g
Add
1
for $5.00"	['/wcsstore/Coles-CAS/images/2/7/8/2787850-th.jpg', '/wcsstore/Coles-CAS/images/2/7/8/2787850_B-th.jpg']
Birds Eye	Whiting Fish Finger	$ 7 .50	350g	$21.43 per 1Kg	"Nutrition Facts
Serving size: 1 serving = 100g
Qty
Quantity
per serving Qty
Quantity
per 100g / 100ml %
Percentage
daily intake*
Energy 872kJ 872kJ
Not provided
Protein 12.2g 12.2g
Not provided
Total Fat 8.7g 8.7g
Not provided
Saturated Fat 1.2g 1.2g
Not provided
Trans
Less than
< 0.1g
Less than
< 0.1g
Not provided
Polyunsaturated 2.5g 2.5g
Not provided
Mono Unsaturated 5.5g 5.5g
Not provided
Carbohydrate 19.8g 19.8g
Not provided
Sugars 2.9g 2.9g
Not provided
Dietary Fibre Total 0.7g 0.7g
Not provided
Sodium 227mg 227mg
Not provided
*Percentage Daily Intake per serving. Percentage Daily Intakes are based on an average adult diet of 8700 kJ. Your daily intakes may be higher or lower depending on your energy needs.
Disclaimer:
Product details, including nutritional information and country of origin, may change from time to time and so the product you receive in your order may not reflect the information on this page. Please check the packaging on any product you purchase and if it's not what you expected, feel free to return it for a full refund.
Details
Ingredients:
Southern blue *whiting* fillets (56%). Crumb coating (44%) (*wheat* flour, water, maize flour, canola oil, *wheat* starch, maize starch, salt, sugar, *wheat* gluten, yeast). *Contains fish and wheat.*
Allergen:
Contains Fish, Contains Wheat
Servings Per Pack:
4.0
Dimensions:
192 x 121 x 33mm
Size:
350g
Code: 4505982P
4 5 0 5 9 8 2 P
Customers also purchased
Birds Eye Frozen Steam Fresh Fish Fillets With Thai Red Curry Sauce 2 Pack 380g
Birds Eye Frozen Steam Fresh Fish Fillets With Thai Red Curry Sauce 2 Pack
380g
$10.00
380g $26.32 per 1Kg
Unit Price
Add
1
for $10.00

Birds Eye Frozen Steam Fresh Fish Fillets With Parsley & Citrus Sauce 2 Pack 380g
Birds Eye Frozen Steam Fresh Fish Fillets With Parsley & Citrus Sauce 2 Pack
380g
$10.00
380g $26.32 per 1Kg
Unit Price
Add
1
for $10.00

Birds Eye Deli Flat Head Fish Bites 250g
Birds Eye Deli Flat Head Fish Bites
250g
$10.00
250g $40.00 per 1Kg
Unit Price
Add
1
for $10.00"	['/wcsstore/Coles-CAS/images/4/5/0/4505982-th.jpg', '/wcsstore/Coles-CAS/images/4/5/0/4505982_L-th.jpg', '/wcsstore/Coles-CAS/images/4/5/0/4505982_R-th.jpg', '/wcsstore/Coles-CAS/images/4/5/0/4505982_B-th.jpg']
Maggi	Fusian Noodle Cup Soy & Mild Spice	$ 1 .80	64g	$2.81 per 100G	"Disclaimer:
Product details, including nutritional information and country of origin, may change from time to time and so the product you receive in your order may not reflect the information on this page. Please check the packaging on any product you purchase and if it's not what you expected, feel free to return it for a full refund.
Details
Country of Origin:
Made in Malaysia
Dimensions:
107 x 93 x 93mm
Size:
64g
Code: 8097720P
8 0 9 7 7 2 0 P
Customers also purchased
Maggi Noodle Cup Oriental Flavour 60g on special
Maggi Noodle Cup Oriental Flavour
60g on special
$1.80
save
$0.70
60g $3.00 per 100G
Unit Price
Add
1
for $1.80

Maggi Fusian Noodle Cup Hot & Spicy 65g on special
Maggi Fusian Noodle Cup Hot & Spicy
65g on special
$1.80
save
$0.70
65g $2.77 per 100G
Unit Price
Add
1
for $1.80

Maggi Fusian Noodle Cup Japanese Teriyaki Chicken 62g on special
Maggi Fusian Noodle Cup Japanese Teriyaki Chicken
62g on special
$1.80
save
$0.70
62g $2.90 per 100G
Unit Price
Add
1
for $1.80

Maggi Cup Malaysian Laksa Fusian Soupy Noodle 61g on special
Maggi Cup Malaysian Laksa Fusian Soupy Noodle
61g on special
$1.80
save
$0.70
61g $2.95 per 100G
Unit Price
Add
1
for $1.80"	['/wcsstore/Coles-CAS/images/8/0/9/8097720-th.jpg', '/wcsstore/Coles-CAS/images/8/0/9/8097720_B-th.jpg']
Continental	Cup A Soup Roast Chicken Hearty Soup Serves 2	$ 2 .80	75g	$3.73 per 100G	"Nutrition Facts
Qty
Quantity
per serving Qty
Quantity
per 100g / 100ml %
Percentage
daily intake*
Energy
Not provided
Not provided
7%
Protein
Not provided
Not provided
5%
Total Fat
Not provided
Not provided
6%
Saturated Fat
Not provided
Not provided
8%
Carbohydrate
Not provided
Not provided
8%
Sugars
Not provided
Not provided
3%
Sodium
Not provided
Not provided
27%
*Percentage Daily Intake per serving. Percentage Daily Intakes are based on an average adult diet of 8700 kJ. Your daily intakes may be higher or lower depending on your energy needs.
Disclaimer:
Product details, including nutritional information and country of origin, may change from time to time and so the product you receive in your order may not reflect the information on this page. Please check the packaging on any product you purchase and if it's not what you expected, feel free to return it for a full refund.
Details
Ingredients:
Corn starch, noodles (22%) (wheat flour, wheat gluten), creamer vegetable oil, glucose syrup, milk protein, mineral salts (339 or 340, 450 or 451), natural colour (riboflavin), vegetables^ (11%) peas, carrot, onion (powder, pieces), corn, maltodextrin, mineral salt (potassium chloride), salt, flavour enhancer (621), natural chicken flavours, sugar, hydrolysed corn protein, chicken (0.7%), vegetable oil, yeast extract, sage powder, natural colours (turmeric, carotene), parsley, burnt sugar, food acid (lactic). ^From sustainably grown peas, carrots, onions and corn.
Contains:
Wheat and Milk. 2 pack 75G
Allergen:
May Be Present Sesame, May Be Present Crustacea, May Be Present Tree Nuts, May Be Present Peanuts, Contains Wheat, Contains Milk, May Be Present Lupin, May Be Present Fish, May Be Present Egg
Servings Per Pack:
2.0
Usage Instructions:
Need more from your lunch? Try a Cup a Soup with your sandwich!
Size:
2 pack 75G
Preparation Instructions:
Directions: 1) Empty contents of one sachet into a 250mL mug. 2) Fill with boiling water and stir continuously for 15-20 seconds. Important... To ensure a smooth consistency, do not begin stirring soup until all the water has been poured into the mug.
Code: 290465P
2 9 0 4 6 5 P
Customers also purchased
Continental Cup A Soup Chinese Chicken & Corn With Lots of Noodles Serves 2 66g
Continental Cup A Soup Chinese Chicken & Corn With Lots of Noodles Serves 2
66g
$2.80
66g $4.24 per 100G
Unit Price
Add
1
for $2.80

Continental Cup A Soup Creamy Chicken With Lots Of Noodles Serves 2 60g
Continental Cup A Soup Creamy Chicken With Lots Of Noodles Serves 2
60g
$2.80
60g $4.67 per 100G
Unit Price
Add
1
for $2.80

Continental Cup A Soup Creamy Chicken with Croutons Serves 2 60g
Continental Cup A Soup Creamy Chicken with Croutons Serves 2
60g
$2.80
60g $4.67 per 100G
Unit Price
Add
1
for $2.80

Continental Cup A Soup Homestyle Pumpkin Soup Serves 2 61g
Continental Cup A Soup Homestyle Pumpkin Soup Serves 2
61g
$2.80
61g $4.59 per 100G
Unit Price
Add
1
for $2.80"	['/wcsstore/Coles-CAS/images/2/9/0/290465-th.jpg', '/wcsstore/Coles-CAS/images/2/9/0/290465_L-th.jpg', '/wcsstore/Coles-CAS/images/2/9/0/290465_R-th.jpg', '/wcsstore/Coles-CAS/images/2/9/0/290465_B-th.jpg']
Birds Eye	Deli Duck Fat Potatoes	$ 6 .20	600g	$10.33 per 1Kg	"Nutrition Facts
Serving size: 1 serving = 100g
Qty
Quantity
per serving Qty
Quantity
per 100g / 100ml %
Percentage
daily intake*
Energy 541kJ 541kJ
Not provided
Protein 2.1g 2.1g
Not provided
Total Fat 4.7g 4.7g
Not provided
Saturated Fat 0.9g 0.9g
Not provided
Carbohydrate 18g 18g
Not provided
Sugars
Less than
< 1g
Less than
< 1g
Not provided
Dietary Fibre Total 1.8g 1.8g
Not provided
Sodium 144mg 144mg
Not provided
*Percentage Daily Intake per serving. Percentage Daily Intakes are based on an average adult diet of 8700 kJ. Your daily intakes may be higher or lower depending on your energy needs.
Disclaimer:
Product details, including nutritional information and country of origin, may change from time to time and so the product you receive in your order may not reflect the information on this page. Please check the packaging on any product you purchase and if it's not what you expected, feel free to return it for a full refund.
Details
Country of Origin:
Packed in Netherlands
Ingredients:
Potato (93%), duck fat (3%), sunflower oil, rice flour, dextrin, potato starch, dextrose (from *wheat*), salt, caramelised sugar, flavour. *Contains wheat.*
Allergen:
Contains Wheat
Servings Per Pack:
6.0
Dimensions:
250 x 250 x 20mm
Size:
600g
Code: 5052497P
5 0 5 2 4 9 7 P
Customers also purchased
McCain Delish Potato Gratin 400g
McCain Delish Potato Gratin
400g
$8.60
400g $21.50 per 1Kg
Unit Price
Add
1
for $8.60"	['/wcsstore/Coles-CAS/images/5/0/5/5052497-th.jpg', '/wcsstore/Coles-CAS/images/5/0/5/5052497_B-th.jpg']
Maggi	Fusian Noodle Cup Japanese Teriyaki Chicken	$ 1 .80	62g	$2.90 per 100G	"Nutrition Facts
Serving size: 1 serving = 360 g
Qty
Quantity
per serving Qty
Quantity
per 100g / 100ml %
Percentage
daily intake*
Energy 1100 kJ As Prepared 305 kJ 13%
Protein 4.6 g As Prepared 1.3 g 9%
Total Fat
Not provided
2.7 g 14%
Saturated Fat 4.4 g As Prepared 1.2 g 18%
Carbohydrate 38.4 g As Prepared 10.6 g 12%
Sugars 5.1 g As Prepared 1.2 g 5%
Dietary Fibre Total 1.6 g As Prepared 1 g 5%
Sodium 1100 mg As Prepared 305 mg 48%
*Percentage Daily Intake per serving. Percentage Daily Intakes are based on an average adult diet of 8700 kJ. Your daily intakes may be higher or lower depending on your energy needs.
Disclaimer:
Product details, including nutritional information and country of origin, may change from time to time and so the product you receive in your order may not reflect the information on this page. Please check the packaging on any product you purchase and if it's not what you expected, feel free to return it for a full refund.
Details
Country of Origin:
Made in Malaysia
Ingredients:
Noodle Cake: Wheat Flour, Vegetable Oil (Antioxidant 319), Tapioca Starch, Salt, Mineral Salts (508, 451, 501, 500), Vegetable Gum (412). Spice Mix: Mineral Salt ( Potassium Chloride), Sugar, Iodised Salt, Flavours, Soy Sauce [(4%) ( Wheat and Soy )], Vegetable Fat ( Antioxidant 320), Burnt Sugar, Potato Starch, Ginger (1.5%), Yeast Extract, Garlic (0.4%), Food Acid (Citric), White Pepper, Onion. Sweet Soy Sauce: Sugar, Molasses, Water, Soy Sauce (Water, Soybeans , Salt, Wheat ), Salt, Colour (Caramel Iii), Preservative (202). Contains Wheat and Soy May Contain Celery, Crustacean, Fish, Milk and Mustard.
Allergen:
Contains Soybean, Contains Wheat
Servings Per Pack:
1.0
Storage Instructions:
Noodles With Flavour Sachet Store in A Cool Dry Place
Size:
62 g
Preparation Instructions:
1.Open Remove Foil and Put Aside All Flavour Sachets 2. Add Boiling Water To Fill Line, As Indicated, Stand for 3 Minutes. 3. Add Flavour Sachets To Cup Noodles According To Taste and Stir Well. 4. Eat Eat and Enjoy !
Code: 3915457P
3 9 1 5 4 5 7 P
Customers also purchased
Maggi Fusian Noodle Cup Soy & Mild Spice 64g on special
Maggi Fusian Noodle Cup Soy & Mild Spice
64g on special
$1.80
save
$0.70
64g $2.81 per 100G
Unit Price
Add
1
for $1.80

Maggi Fusian Noodle Cup Hot & Spicy 65g on special
Maggi Fusian Noodle Cup Hot & Spicy
65g on special
$1.80
save
$0.70
65g $2.77 per 100G
Unit Price
Add
1
for $1.80

Maggi Cup Malaysian Laksa Fusian Soupy Noodle 61g on special
Maggi Cup Malaysian Laksa Fusian Soupy Noodle
61g on special
$1.80
save
$0.70
61g $2.95 per 100G
Unit Price
Add
1
for $1.80

Indomie Hot & Spicy Noodle Cup 75g
Indomie Hot & Spicy Noodle Cup
75g
$2.00
75g $2.67 per 100G
Unit Price
Add
1
for $2.00"	['/wcsstore/Coles-CAS/images/3/9/1/3915457-th.jpg', '/wcsstore/Coles-CAS/images/3/9/1/3915457_B-th.jpg']
Maggi	Cup Malaysian Laksa Fusian Soupy Noodle	$ 1 .80	61g	$2.95 per 100G	"Disclaimer:
Product details, including nutritional information and country of origin, may change from time to time and so the product you receive in your order may not reflect the information on this page. Please check the packaging on any product you purchase and if it's not what you expected, feel free to return it for a full refund.
Details
Country of Origin:
Made in Malaysia
Code: 3915468P
3 9 1 5 4 6 8 P
Customers also purchased
Maggi 2 Minute Noodles Beef Single Cup 58g on special
Maggi 2 Minute Noodles Beef Single Cup
58g on special
$1.80
save
$0.70
58g $3.10 per 100G
Unit Price
Add
1
for $1.80

Maggi Fusian Noodle Cup Soy & Mild Spice 64g on special
Maggi Fusian Noodle Cup Soy & Mild Spice
64g on special
$1.80
save
$0.70
64g $2.81 per 100G
Unit Price
Add
1
for $1.80

Maggi Fusian Noodle Cup Hot & Spicy 65g on special
Maggi Fusian Noodle Cup Hot & Spicy
65g on special
$1.80
save
$0.70
65g $2.77 per 100G
Unit Price
Add
1
for $1.80

Maggi Fusian Noodle Cup Japanese Teriyaki Chicken 62g on special
Maggi Fusian Noodle Cup Japanese Teriyaki Chicken
62g on special
$1.80
save
$0.70
62g $2.90 per 100G
Unit Price
Add
1
for $1.80"	['/wcsstore/Coles-CAS/images/3/9/1/3915468-th.jpg', '/wcsstore/Coles-CAS/images/3/9/1/3915468_B-th.jpg']
Maggi	Noodle Cup Oriental Flavour	$ 1 .80	60g	$3.00 per 100G	"Disclaimer:
Product details, including nutritional information and country of origin, may change from time to time and so the product you receive in your order may not reflect the information on this page. Please check the packaging on any product you purchase and if it's not what you expected, feel free to return it for a full refund.
Details
Country of Origin:
Made in Malaysia
Code: 8109229P
8 1 0 9 2 2 9 P
Customers also purchased
Maggi 2 Minute Noodles Chicken Single Cup 60g on special
Maggi 2 Minute Noodles Chicken Single Cup
60g on special
$1.80
save
$0.70
60g $3.00 per 100G
Unit Price
Add
1
for $1.80

Maggi 2 Minute Noodles Beef Single Cup 58g on special
Maggi 2 Minute Noodles Beef Single Cup
58g on special
$1.80
save
$0.70
58g $3.10 per 100G
Unit Price
Add
1
for $1.80

Maggi Fusian Noodle Cup Soy & Mild Spice 64g on special
Maggi Fusian Noodle Cup Soy & Mild Spice
64g on special
$1.80
save
$0.70
64g $2.81 per 100G
Unit Price
Add
1
for $1.80

Maggi Fusian Noodle Cup Hot & Spicy 65g on special
Maggi Fusian Noodle Cup Hot & Spicy
65g on special
$1.80
save
$0.70
65g $2.77 per 100G
Unit Price
Add
1
for $1.80"	['/wcsstore/Coles-CAS/images/8/1/0/8109229-th.jpg', '/wcsstore/Coles-CAS/images/8/1/0/8109229_B-th.jpg']
Maggi	Fusian Soupy Malaysian Laksa Flavour Noodles 5 Pack	$ 5 .50	345g	$1.59 per 100G	"Nutrition Facts
Serving size: 1 serving = 380 g
Qty
Quantity
per serving Qty
Quantity
per 100g / 100ml %
Percentage
daily intake*
Energy 1305 kJ 345 kJ 15%
Protein 6.1 g 1.6 g 12%
Total Fat
Not provided
3.5 g 19%
Saturated Fat 7 g 1.9 g 29%
Carbohydrate 46 g 12.8 g 15%
Sugars 2.2 g 1 g 2%
Dietary Fibre Total 2.3 g 1 g 8%
Sodium 775 mg 205 mg 34%
*Percentage Daily Intake per serving. Percentage Daily Intakes are based on an average adult diet of 8700 kJ. Your daily intakes may be higher or lower depending on your energy needs.
Disclaimer:
Product details, including nutritional information and country of origin, may change from time to time and so the product you receive in your order may not reflect the information on this page. Please check the packaging on any product you purchase and if it's not what you expected, feel free to return it for a full refund.
Details
Country of Origin:
Made in Malaysia
Ingredients:
Noodle Cake: Wheat Flour, Vegetable Oil (Antioxidant 319), Salt, Mineral Salts (451, 501, 500), Vegetable Gum (412), Colour (Riboflavin). Spice Mix : Mineral Salt (Potassium Chloride), Iodised Salt, Sugar, Flavours ( Wheat ), Chilli (5%), Coriander (3.5%), Vegetable Fat (Antioxidant 320), Colour (Paprika Extract), Potato Starch, Turmeric, Garlic (0.4%), Onion. Creamer : Glucose Syrup, Vegetable Fat, Mineral Salts (340, 451, 331, 452), Sodium Caseinate ( Milk ), Emulsifiers (471, 472e), Anti- Caking Agent (551), Salt, Flavours. Contains Wheat and Milk May Contain Celery, Crustacean, Fish, Mustard and Soy.
Allergen:
Contains Wheat, Contains Milk
Servings Per Pack:
5.0
Storage Instructions:
Store in A Cool Dry Place.
Size:
345 g
Preparation Instructions:
Cook: Microwave Braek Noodle Cake Into Quateres and Place in A Medium Microwave- Safe Bowl. Cook in 1 1/2 Cups (375ml) of Boiling Water in A 850w Microwave Oven On High for 3 Minutes. Caution: Bowl Will Be Hot - Please Take Car When Handling. Or Old School (Stove Top) Break Noodle Cake Into Quarters and Place in A Small Saucepan. Cook in 1 1/2 Cups (375ml) of Boilig Water On Stove Top for 3 Minutes.
Mix Included Sachets With Bowl of Noodles According To Taste and Give It A Good Stir.
Eat and Enjoy! Balance Your Meal Simply Add Lean Protein and Fresh Veggies. 1 Pack = 1 Portion Maggi Malaysian Chicken Laksa Prep Time: 10 Minutes Cooking Time: 7 Minutes Serves: 4 2 Pkts Maggi Malaysian Laksa 3 Cups (750ml) Boiling Water 1/2 (450g) Bbq Chicken, Shredded and Skin Removed 1 Cup (120g) Red Capsicum, Sliced 1 Cup (130g) Green Beans, Chopped 2 Tsp Fish Sauce 1 Cup (70g) Beansprouts
Break Maggi Malaysian Laksa Noodle Cake Into Quarters and Add To A Large Saucepan With Boiling Water, Bring To the Boil. Add Chicken and Simmer for 2-3 Minutes. Stir in Laksa Flavour Mix Sachets.
Add Red Capsicum and Beans. Return To Boil, Simmer for A Further 2-3 Minutes Or Until Chicken is Heated Through and Vegetables Are Just Tender. Add Fish Sauce.
Serve Topped With Bean Sprouts, Fresh Coriander Leaves and Lime Halves, If Desired. If You Like It Extra Spicy Add Fresh Chopped Chilli.
Code: 3915581P
3 9 1 5 5 8 1 P
Customers also purchased
Maggi Fusian Mi Goreng Hot And Spicy Flavour Noodles 5 Pack 365g
Maggi Fusian Mi Goreng Hot And Spicy Flavour Noodles 5 Pack
365g
$5.50
365g $1.51 per 100G
Unit Price
3more varieties
of Maggi Fusian Mi Goreng Hot And Spicy Flavour Noodles 5 Pack 365g
Add
1
for $5.50

Indomie Fried Mi Goreng Satay Instant Noodles 5 Pack 80g
Indomie Fried Mi Goreng Satay Instant Noodles 5 Pack
80g
$3.95
Until 02 May 2023
80g $0.99 per 100G
Unit Price
Add
1
for $3.95

Maggi Fusian Soupy Thai Tom Yum Flavour Noodles 5 Pack 400g
Maggi Fusian Soupy Thai Tom Yum Flavour Noodles 5 Pack
400g
$5.50
400g $1.38 per 100G
Unit Price
3more varieties
of Maggi Fusian Soupy Thai Tom Yum Flavour Noodles 5 Pack 400g
Add
1
for $5.50"	['/wcsstore/Coles-CAS/images/3/9/1/3915581-th.jpg', '/wcsstore/Coles-CAS/images/3/9/1/3915581_B-th.jpg']
Maggi	Fusian Soupy Thai Tom Yum Flavour Noodles 5 Pack	$ 5 .50	400g	$1.38 per 100G	"Nutrition Facts
Serving size: 1 serving = 400 g
Qty
Quantity
per serving Qty
Quantity
per 100g / 100ml %
Percentage
daily intake*
Energy 1510 kJ As Prepared 400 kJ 17%
Protein 7.7 g As Prepared 1.9 g 15%
Total Fat
Not provided
3.7 g 21%
Saturated Fat 6.5 g As Prepared 1.6 g 27%
Carbohydrate 48.8 g As Prepared 12.2 g 16%
Sugars 2.3 g As Prepared 1 g 3%
Dietary Fibre Total 2.6 g As Prepared 1 g 9%
Sodium 1520 mg As Prepared 380 mg 66%
*Percentage Daily Intake per serving. Percentage Daily Intakes are based on an average adult diet of 8700 kJ. Your daily intakes may be higher or lower depending on your energy needs.
Disclaimer:
Product details, including nutritional information and country of origin, may change from time to time and so the product you receive in your order may not reflect the information on this page. Please check the packaging on any product you purchase and if it's not what you expected, feel free to return it for a full refund.
Details
Country of Origin:
Made in Malaysia
Ingredients:
Ingredients Noodle Cake: Wheat Flour, Vegetable Oil [Antioxidant (319)], Salt, Mineral Salts (508, 451, 501, 500), Vegetable Gum (412). Spice Mix: Salt, Flavour Enhancer (621), Flavours, Sugar, Black Pepper, Tapioca Starch, Food Acids (Malic and Citric), Chilli, Wheat Flour, Soy Sauce Powder ( Soy , Wheat ), Mineral Salt (Potassium Chloride), Lemongrass (2%), Galangal (2%), Colour (Paprika Extract). Contains Gluten, Wheat, Soy. May Contain Celery, Crustacean, Fish, Milk, Mustard.
Allergen:
Contains Wheat, Contains Cereals Containing Gluten
Servings Per Pack:
5.0
Storage Instructions:
Store in A Cool Dry Place.
Size:
400 g
Preparation Instructions:
Cook: Microwave Break Noodle Cake Into Quarters. Cook in 1 1/2 Cups (375ml) of Boiling Water for 2 Minutes On High (850w). Caution: Take Care When Removing As Bowl and Contents Will Be Very Hot. Or Old School (Stove Top) Break Noodle Cake Into Quarters. Cook in 1 1/2 Cups (375ml) of Boiling Water On Stove Top for 2 Minutes.
Mix Included Sachet With Bowl of Noodles According To Taste and Give It A Good Stir.
Eat and Enjoy! Tom Yum Soup Serves: 4 Prep Time: 5 Minutes Cook Time: 7 Minutes 2 Pkts Maggi Fusian Soupy Noodles Thai Tom Yum 3 Cups (750ml) Boiling Water 250g Medium Green Prawns, Peeled, Deveined and Tail Intact 1 1/2 Cup (100g) Button Mushrooms, Quartered 1/2 Punnet (125g) Cherry Tomatoes, Halved 2 Tsp Fish Sauce 1/2 Lemon, Juiced 1 Medium Red Chilli, Thinly Sliced (Optional) Fresh Coriander Leaves (Optional)
Bring A Large Saucepan With Water To Simmer. Add Prawns and Simmer for 2-3 Minutes Or Until Prawns Are Cooked Through. Break Noodle Cakes Into Quarters and Add To Saucepan. Stir in Spice Mix Sachets.
Add Mushrooms and Cherry Tomatoes. Return To Boil, Simmer A Further 2-3 Minutes Until Vegetables Are Just Tender. Add Fish Sauce and Lemon Juice.
Serve Topped With Chilli and Add Fresh Coriander Leaves If Desired.
Code: 3992899P
3 9 9 2 8 9 9 P"	['/wcsstore/Coles-CAS/images/3/9/9/3992899-th.jpg', '/wcsstore/Coles-CAS/images/3/9/9/3992899_B-th.jpg']
Uncle Tobys	Chewy Bars Choc Chip	$ 5 .00	185g	$2.70 per 100G	"Nutrition Facts
Serving size: 1 serving = 31.3 g
Qty
Quantity
per serving Qty
Quantity
per 100g / 100ml %
Percentage
daily intake*
Energy 510 kJ 1630 kJ 6%
Protein 2.2 g 6.9 g 4%
Total Fat
Not provided
11.5 g 5%
Saturated Fat 1.3 g 4.2 g 5%
Carbohydrate 18.7 g 59.8 g 6%
Sugars 5.4 g 17.2 g 6%
Dietary Fibre Total 3.4 g 10.9 g 11%
Sodium 13 mg 40 mg 0.5%
*Percentage Daily Intake per serving. Percentage Daily Intakes are based on an average adult diet of 8700 kJ. Your daily intakes may be higher or lower depending on your energy needs.
Disclaimer:
Product details, including nutritional information and country of origin, may change from time to time and so the product you receive in your order may not reflect the information on this page. Please check the packaging on any product you purchase and if it's not what you expected, feel free to return it for a full refund.
Details
Ingredients:
Muesli Blend: [Uncle Tobys Rolled Oats (34%), Wheat (11%), Breakfast Cereal (Whole Grain Wheat (5%), Wheat Flour, Wheat Bran, Sugar, Vitamin E), Coconut, Milk Powder], Glucose, Choc Chips (9%) [Sugar, Vegetable Oil, Milk Solids, Cocoa, Cocoa Mass, Emulsifiers (492, Soy Lecithin), Salt], Chicory Root Fibre, Sunflower Oil, Sugar, Humectant (Glycerine), Modified Starch (1412), Invert Sugar, Honey, Emulsifier ( Soy Lecithin), Natural Flavour, Salt Contains: Gluten, Wheat, Milk, Soy May Contain Rye, Barley, Lupin Suitable for Vegetarians
Allergen:
May Be Present Barley, Contains Soybean, May Be Present Rye, Contains Wheat, Contains Milk, Contains Oats, May Be Present Lupin, Contains Cereals Containing Gluten
Servings Per Pack:
6.0
Storage Instructions:
Store in A Cool Dry Place
Size:
185 g
Preparation Instructions:
Lift Tab To Goodness
Code: 4975192P
4 9 7 5 1 9 2 P
Customers also purchased
Uncle Tobys Chewy Muesli Bars White Choc Chip 6 Pack 185g
Uncle Tobys Chewy Muesli Bars White Choc Chip 6 Pack
185g
$5.00
185g $2.70 per 100G
Unit Price
4.2 (63)
4.2 out of 5 stars from 63 ratings received
Add
1
for $5.00

Uncle Tobys Yoghurt Muesli Bars Honeycomb 6 Pack 185g
Uncle Tobys Yoghurt Muesli Bars Honeycomb 6 Pack
185g
$5.00
185g $2.70 per 100G
Unit Price
Add
1
for $5.00

Uncle Tobys Mango And Passionfruit Yoghurt Muesli Bars 185g
Uncle Tobys Mango And Passionfruit Yoghurt Muesli Bars
185g
$5.00
185g $2.70 per 100G
Unit Price
Add
1
for $5.00

Chewy Bars Choc Chip"	['/wcsstore/Coles-CAS/images/4/9/7/4975192-th.jpg', '/wcsstore/Coles-CAS/images/4/9/7/4975192_L-th.jpg', '/wcsstore/Coles-CAS/images/4/9/7/4975192_R-th.jpg', '/wcsstore/Coles-CAS/images/4/9/7/4975192_B-th.jpg']
Uncle Tobys	Le Snak Cheddar Cheese	$ 5 .00	132g	$3.79 per 100G	"Nutrition Facts
Serving size: 1 serving = 22 g
Qty
Quantity
per serving Qty
Quantity
per 100g / 100ml %
Percentage
daily intake*
Energy 360 kJ 1635 kJ 4%
Protein 2.5 g 11.3 g 5%
Total Fat 5.5g 24.3 g 8%
Saturated Fat 2.7 g 12.1 g 11%
Carbohydrate 6.8 g 30.9 g 2%
Sugars 1 g 4.6 g 1%
Dietary Fibre Total 0.6 g 2.5 g 2%
Sodium 175 mg 805 mg 8%
Calcium 101 mg 460 mg 13%
*Percentage Daily Intake per serving. Percentage Daily Intakes are based on an average adult diet of 8700 kJ. Your daily intakes may be higher or lower depending on your energy needs.
Disclaimer:
Product details, including nutritional information and country of origin, may change from time to time and so the product you receive in your order may not reflect the information on this page. Please check the packaging on any product you purchase and if it's not what you expected, feel free to return it for a full refund.
Details
Country of Origin:
Made in Australia
Ingredients:
Cheese Spread [Cheddar Cheese (49%)( Milk , Salt, Starter Culture), Water, Margarine (Vegetable Oils, Water, Salt, Milk Solids, Emulsifiers [ Soy Lecithin, 471], Antioxidants [304, 307b]), Whey Powder ( Milk ), Milk Mineral, Mineral Salts (339, 452), Preservative (234)]. Cracker [ Wheat Flour, Vegetable Fats and Oils (Antioxidants [307, 307b]), Wholemeal Wheat Flour, Sugar, Wheat Bran, Invert Syrup, Salt, Raising Agents (503, 500), Poppy Seeds, Wheat Germ]. Contains: Gluten (Wheat), Milk and Soy. May Contain Egg, Tree Nuts and Peanuts.
Allergen:
Contains Soybean, May Be Present Nuts, May Be Present Peanuts, Contains Gluten, Contains Wheat, Contains Milk, May Be Present Egg
Servings Per Pack:
6.0
Storage Instructions:
Store in A Cool Dry Place. Do Not Store Above 22c
Size:
132 g
Code: 4952890P
4 9 5 2 8 9 0 P
Customers also purchased
Coles Snack Pack French Onion 132g
Coles Snack Pack French Onion
132g
$3.40
Until 02 May 2023
132g $2.58 per 100G
Unit Price
Add
1
for $3.40

Uncle Tobys Le Snak Tasty Cheese 6 Pack 132g
Uncle Tobys Le Snak Tasty Cheese 6 Pack
132g
$5.00
132g $3.79 per 100G
Unit Price
4.4 (63)
4.4 out of 5 stars from 63 ratings received
Add
1
for $5.00

Uncle Tobys Le Snak French Onion 132g
Uncle Tobys Le Snak French Onion
132g
$5.00
132g $3.79 per 100G
Unit Price
5.0 (6)
5.0 out of 5 stars from 6 ratings received
Add
1
for $5.00

Le Snak Cheddar Cheese"	['/wcsstore/Coles-CAS/images/4/9/5/4952890-th.jpg', '/wcsstore/Coles-CAS/images/4/9/5/4952890_L-th.jpg', '/wcsstore/Coles-CAS/images/4/9/5/4952890_R-th.jpg', '/wcsstore/Coles-CAS/images/4/9/5/4952890_B-th.jpg']
Kellogg's	K-Time Baked Twists Raspberry & Apple Flavour Filled Snack Bars 5 pack	$ 4 .00	185g	$2.16 per 100G	"Nutrition Facts
Serving size: 1 serving = 37g
Qty
Quantity
per serving Qty
Quantity
per 100g / 100ml %
Percentage
daily intake*
Energy 570kJ 1530kJ 7%
Protein 1.2g 3.2g 2%
Total Fat 2.6g 7.1g 3.80%
Saturated Fat 0.5g 1.3g 2%
Carbohydrate 24.9g 67.4g 8%
Sugars 10.9g 29.5g 12%
Dietary Fibre Total 3.2g 8.7g 11%
Sodium 53mg 145mg 2%
*Percentage Daily Intake per serving. Percentage Daily Intakes are based on an average adult diet of 8700 kJ. Your daily intakes may be higher or lower depending on your energy needs.
Disclaimer:
Product details, including nutritional information and country of origin, may change from time to time and so the product you receive in your order may not reflect the information on this page. Please check the packaging on any product you purchase and if it's not what you expected, feel free to return it for a full refund.
Details
Country of Origin:
Made in Malaysia
Ingredients:
Raspberry and apple flavoured filling (35%)(glucose syrup, humectant [glycerol], water, sugar, modified starch [1442], fructose, stabiliser [460], sugar, apple puree concentrate, apple powder, maltodextrin, raspberry juice concentrate, food acid [330], natural flavours, black carrot juice concentrate, caramel sugar syrup), wheat flour, invert syrup, sugar, corn starch, vegetable oils (antioxidant [tocopherols]), water, oatmeal, dextrose, skim milk powder, dough conditioner (emulsifier [soy lecithin], gluten, maize starch, anti-caking agent [551], vegetable gums [407, 412]), emulsifier (472a), salt, thickener (460), raising agent (501).
Contains:
Contains cereals containing gluten, milk and soy. May contain traces of peanuts and/or tree nuts.
Allergen:
May Be Present Tree Nuts, May Be Present Peanuts, Contains Soy, Contains Milk, Contains Cereals Containing Gluten
Servings Per Pack:
5.0
Size:
185g
Code: 9264250P
9 2 6 4 2 5 0 P
Customers also purchased
Kellogg's K-Time Baked Twists Strawberry & Yoghurt Flavour Filled Snack Bars 5 pack 185g on special
Kellogg's K-Time Baked Twists Strawberry & Yoghurt Flavour Filled Snack Bars 5 pack
185g on special
$4.00
save
$1.00
185g $2.16 per 100G
Unit Price
2more varieties
of Kellogg's K-Time Baked Twists Strawberry & Yoghurt Flavour Filled Snack Bars 5 pack 185g on special
Add
1
for $4.00

Kellogg's Nutri-Grain Original Cereal Snack Bars 6 pack 144g on special
Kellogg's Nutri-Grain Original Cereal Snack Bars 6 pack
144g on special
$4.00
save
$1.00
144g $2.78 per 100G
Unit Price
1more size
of Kellogg's Nutri-Grain Original Cereal Snack Bars 6 pack 144g on special
Add
1
for $4.00

Kellogg's K-Time Bakery Favourites Apple Custard Pie Flavour Snack Bars 5 Pack 165g on special
Kellogg's K-Time Bakery Favourites Apple Custard Pie Flavour Snack Bars 5 Pack
165g on special
$4.00
save
$1.00
165g $2.42 per 100G
Unit Price
Add
1
for $4.00"	['/wcsstore/Coles-CAS/images/9/2/6/9264250-th.jpg', '/wcsstore/Coles-CAS/images/9/2/6/9264250_L-th.jpg', '/wcsstore/Coles-CAS/images/9/2/6/9264250_R-th.jpg', '/wcsstore/Coles-CAS/images/9/2/6/9264250_B-th.jpg']
Kellogg's	K-Time Baked Twists Strawberry & Yoghurt Flavour Filled Snack Bars 5 pack	$ 4 .00	185g	$2.16 per 100G	"Nutrition Facts
Serving size: 1 serving = 37g
Qty
Quantity
per serving Qty
Quantity
per 100g / 100ml %
Percentage
daily intake*
Energy 570kJ 1530kJ 7%
Protein 1.2g 3.3g 2%
Total Fat 2.6g 7g 3.70%
Saturated Fat 0.5g 1.3g 2%
Carbohydrate 24.9g 67.4g 8%
Sugars 10.4g 28.1g 12%
Dietary Fibre Total 3.2g 8.7g 11%
Sodium 61mg 165mg 3%
*Percentage Daily Intake per serving. Percentage Daily Intakes are based on an average adult diet of 8700 kJ. Your daily intakes may be higher or lower depending on your energy needs.
Disclaimer:
Product details, including nutritional information and country of origin, may change from time to time and so the product you receive in your order may not reflect the information on this page. Please check the packaging on any product you purchase and if it's not what you expected, feel free to return it for a full refund.
Details
Country of Origin:
Made in Malaysia
Ingredients:
Strawberry and yoghurt flavoured filling (35%)(glucose syrup, humectant [glycerol], sugar, modified starch [1442], water, oligofructose syrup, strawberry puree concentrate, stabiliser [460], sugar, fructose, apple powder, skim milk yoghurt powder, maltodextrin, food acid [330], natural flavours, salt, black carrot juice concentrate, colours [171,100]), wheat flour, invert syrup, sugar, corn starch, vegetable oils (antioxidant [tocopherols]), water, oatmeal, dextrose, skim milk powder, dough conditioner (emulsifier [soy lecithin], gluten, maize starch, anti-caking agent [551], vegetable gums [407, 412]), emulsifier (472a), salt, thickener (460), raising agent (501).
Contains:
Contains cereals containing gluten, milk and soy. May contain traces of peanuts and/or tree nuts.
Allergen:
May Be Present Tree Nuts, May Be Present Peanuts, Contains Soy, Contains Milk, Contains Cereals Containing Gluten
Dietary:
Low GI
Servings Per Pack:
5.0
Storage Instructions:
Store in a cool dry place.
Usage Instructions:
To open: Lift tab.
Size:
185g
Code: 9264260P
9 2 6 4 2 6 0 P
Customers also purchased
Kellogg's K-Time Baked Twists Raspberry & Apple Flavour Filled Snack Bars 5 pack 185g on special
Kellogg's K-Time Baked Twists Raspberry & Apple Flavour Filled Snack Bars 5 pack
185g on special
$4.00
save
$1.00
185g $2.16 per 100G
Unit Price
2more varieties
of Kellogg's K-Time Baked Twists Raspberry & Apple Flavour Filled Snack Bars 5 pack 185g on special
Add
1
for $4.00

Kellogg's Nutri-Grain Original Cereal Snack Bars 6 pack 144g on special
Kellogg's Nutri-Grain Original Cereal Snack Bars 6 pack
144g on special
$4.00
save
$1.00
144g $2.78 per 100G
Unit Price
1more size
of Kellogg's Nutri-Grain Original Cereal Snack Bars 6 pack 144g on special
Add
1
for $4.00

Kellogg's K-Time Bakery Favourites Strawberry Cheesecake Flavour Snack Bars 5 Pack 165g on special
Kellogg's K-Time Bakery Favourites Strawberry Cheesecake Flavour Snack Bars 5 Pack
165g on special
$4.00
save
$1.00
165g $2.42 per 100G
Unit Price
Add
1
for $4.00"	['/wcsstore/Coles-CAS/images/9/2/6/9264260-th.jpg', '/wcsstore/Coles-CAS/images/9/2/6/9264260_L-th.jpg', '/wcsstore/Coles-CAS/images/9/2/6/9264260_R-th.jpg', '/wcsstore/Coles-CAS/images/9/2/6/9264260_B-th.jpg']
Nice & Natural	Real Milk Chocolate Roasted Nut Bars 6 pack	$ 2 .50	192g	$1.30 per 100G	"Disclaimer:
Product details, including nutritional information and country of origin, may change from time to time and so the product you receive in your order may not reflect the information on this page. Please check the packaging on any product you purchase and if it's not what you expected, feel free to return it for a full refund.
Details
Country of Origin:
Made in New Zealand from Imported and Local Ingredients
Dimensions:
125 x 35 x 170mm
Size:
192g
Code: 9827090P
9 8 2 7 0 9 0 P
Customers also purchased
Nice & Natural Trail Mix Nut Bars 192g on special
Nice & Natural Trail Mix Nut Bars
192g on special
$2.50
save
$2.50
192g $1.30 per 100G
Unit Price
Add
1
for $2.50

Nice & Natural Yoghurt Roasted Nut Bars 6 pack 192g on special
Nice & Natural Yoghurt Roasted Nut Bars 6 pack
192g on special
$2.50
save
$2.50
192g $1.30 per 100G
Unit Price
Add
1
for $2.50

Nice & Natural Mixed Berry Roasted Nut Bars 6 pack 192g on special
Nice & Natural Mixed Berry Roasted Nut Bars 6 pack
192g on special
$2.50
save
$2.50
192g $1.30 per 100G
Unit Price
Add
1
for $2.50

Nice & Natural Roasted Cashew Milk Chocolate Peanut Bars 6 Pack 192g on special
Nice & Natural Roasted Cashew Milk Chocolate Peanut Bars 6 Pack
192g on special
$2.50
save
$2.50
192g $1.30 per 100G
Unit Price
Add
1
for $2.50"	[]
Nice & Natural	Chocolate Peanut & Almond Nut Bars	$ 2 .50	180g	$1.39 per 100G	"Disclaimer:
Product details, including nutritional information and country of origin, may change from time to time and so the product you receive in your order may not reflect the information on this page. Please check the packaging on any product you purchase and if it's not what you expected, feel free to return it for a full refund.
Details
Country of Origin:
Made in New Zealand from Imported and Local Ingredients
Dimensions:
125 x 35 x 170mm
Size:
180g
Code: 8221386P
8 2 2 1 3 8 6 P
Customers also purchased
Nice & Natural Real Milk Chocolate Roasted Nut Bars 6 pack 192g on special
Nice & Natural Real Milk Chocolate Roasted Nut Bars 6 pack
192g on special
$2.50
save
$2.50
192g $1.30 per 100G
Unit Price
Add
1
for $2.50

Nice & Natural Chocolate Peanut Apricot Bars 6 Pack 180g on special
Nice & Natural Chocolate Peanut Apricot Bars 6 Pack
180g on special
$2.50
save
$2.50
180g $1.39 per 100G
Unit Price
Add
1
for $2.50

Nice & Natural Roasted Cashew Milk Chocolate Peanut Bars 6 Pack 192g on special
Nice & Natural Roasted Cashew Milk Chocolate Peanut Bars 6 Pack
192g on special
$2.50
save
$2.50
192g $1.30 per 100G
Unit Price
Add
1
for $2.50"	['/wcsstore/Coles-CAS/images/8/2/2/8221386-th.jpg', '/wcsstore/Coles-CAS/images/8/2/2/8221386_L-th.jpg', '/wcsstore/Coles-CAS/images/8/2/2/8221386_R-th.jpg', '/wcsstore/Coles-CAS/images/8/2/2/8221386_B-th.jpg']
Nice & Natural	Yoghurt Roasted Nut Bars 6 pack	$ 2 .50	192g	$1.30 per 100G	"Disclaimer:
Product details, including nutritional information and country of origin, may change from time to time and so the product you receive in your order may not reflect the information on this page. Please check the packaging on any product you purchase and if it's not what you expected, feel free to return it for a full refund.
Details
Country of Origin:
Made in New Zealand from Imported and Local Ingredients
Dimensions:
125 x 35 x 170mm
Size:
192g
Code: 4167303P
4 1 6 7 3 0 3 P
Customers also purchased
Nice & Natural Trail Mix Nut Bars 192g on special
Nice & Natural Trail Mix Nut Bars
192g on special
$2.50
save
$2.50
192g $1.30 per 100G
Unit Price
Add
1
for $2.50

Nice & Natural Real Milk Chocolate Roasted Nut Bars 6 pack 192g on special
Nice & Natural Real Milk Chocolate Roasted Nut Bars 6 pack
192g on special
$2.50
save
$2.50
192g $1.30 per 100G
Unit Price
Add
1
for $2.50

Nice & Natural Mixed Berry Roasted Nut Bars 6 pack 192g on special
Nice & Natural Mixed Berry Roasted Nut Bars 6 pack
192g on special
$2.50
save
$2.50
192g $1.30 per 100G
Unit Price
Add
1
for $2.50

Nice & Natural Roasted Cashew Milk Chocolate Peanut Bars 6 Pack 192g on special
Nice & Natural Roasted Cashew Milk Chocolate Peanut Bars 6 Pack
192g on special
$2.50
save
$2.50
192g $1.30 per 100G
Unit Price
Add
1
for $2.50"	['/wcsstore/Coles-CAS/images/4/1/6/4167303-th.jpg', '/wcsstore/Coles-CAS/images/4/1/6/4167303_L-th.jpg', '/wcsstore/Coles-CAS/images/4/1/6/4167303_R-th.jpg', '/wcsstore/Coles-CAS/images/4/1/6/4167303_B-th.jpg']
Nestle	Milo Snack Bars With Milk	$ 6 .00	270g	$2.22 per 100G	"Nutrition Facts
Serving size: 1 serving = 27g
Qty
Quantity
per serving Qty
Quantity
per 100g / 100ml %
Percentage
daily intake*
Energy 420kJ 1570kJ 5%
Protein 1.5g 5.4g 3%
Total Fat 2.5g 9.2g 4%
Saturated Fat 1.1g 4g 5%
Carbohydrate 15.9g 58.9g 5%
Sugars 6.6g 24.4g 7%
Dietary Fibre Total 2.4g 9g 8%
Sodium 22mg 80mg 0.90%
*Percentage Daily Intake per serving. Percentage Daily Intakes are based on an average adult diet of 8700 kJ. Your daily intakes may be higher or lower depending on your energy needs.
Disclaimer:
Product details, including nutritional information and country of origin, may change from time to time and so the product you receive in your order may not reflect the information on this page. Please check the packaging on any product you purchase and if it's not what you expected, feel free to return it for a full refund.
Details
Allergen:
Contains Soybean, May Contain Rye, May Contain Tree Nuts, Contains Barley, Contains Wheat, Contains Milk, May Contain Oats
Servings Per Pack:
10.0
Dimensions:
181 x 146 x 81mm
Size:
270g
Code: 8221251P
8 2 2 1 2 5 1 P
Customers also purchased
Kellogg's LCMs Yoghurty Split Stix Puffed Rice Snack Bars 6 pack 138g on special
Kellogg's LCMs Yoghurty Split Stix Puffed Rice Snack Bars 6 pack
138g on special
$4.00
save
$1.00
138g $2.90 per 100G
Unit Price
5more sizes and varieties
of Kellogg's LCMs Yoghurty Split Stix Puffed Rice Snack Bars 6 pack 138g on special
Add
1
for $4.00

Kellogg's K-Time Baked Twists Strawberry & Yoghurt Flavour Filled Snack Bars 5 pack 185g on special
Kellogg's K-Time Baked Twists Strawberry & Yoghurt Flavour Filled Snack Bars 5 pack
185g on special
$4.00
save
$1.00
185g $2.16 per 100G
Unit Price
2more varieties
of Kellogg's K-Time Baked Twists Strawberry & Yoghurt Flavour Filled Snack Bars 5 pack 185g on special
Add
1
for $4.00

Kellogg's Nutri-Grain Original Cereal Snack Bars 6 pack 144g on special
Kellogg's Nutri-Grain Original Cereal Snack Bars 6 pack
144g on special
$4.00
save
$1.00
144g $2.78 per 100G
Unit Price
1more size
of Kellogg's Nutri-Grain Original Cereal Snack Bars 6 pack 144g on special
Add
1
for $4.00

Kellogg's LCMs Kaleidos Puffed Rice Snack Bars 15 pack 330g
Kellogg's LCMs Kaleidos Puffed Rice Snack Bars 15 pack
330g
$8.00
Until 02 May 2023
330g $2.42 per 100G
Unit Price
4more sizes and varieties
of Kellogg's LCMs Kaleidos Puffed Rice Snack Bars 15 pack 330g
Add
1
for $8.00"	['/wcsstore/Coles-CAS/images/8/2/2/8221251-th.jpg', '/wcsstore/Coles-CAS/images/8/2/2/8221251_L-th.jpg', '/wcsstore/Coles-CAS/images/8/2/2/8221251_R-th.jpg', '/wcsstore/Coles-CAS/images/8/2/2/8221251_B-th.jpg']
Coles	Fruit Filled 12 Bars Variety Pack	$ 4 .80	450g	$1.07 per 100G	"Nutrition Facts
Serving size: 1 serving = Approx. 37g
Qty
Quantity
per serving Qty
Quantity
per 100g / 100ml %
Percentage
daily intake*
Energy 517.05 1378.80
Not provided
Energy Cal 123.70 329.86
Not provided
Protein 1.84 4.90
Not provided
Total Fat 0.90 2.40
Not provided
Saturated Fat 0.45 1.20
Not provided
Carbohydrate 26.06 69.50
Not provided
Sugars 15.00 40.00
Not provided
Dietary Fibre Total 1.54 4.10
Not provided
Sodium 62.63 167.00
Not provided
*Percentage Daily Intake per serving. Percentage Daily Intakes are based on an average adult diet of 8700 kJ. Your daily intakes may be higher or lower depending on your energy needs.
Disclaimer:
Product details, including nutritional information and country of origin, may change from time to time and so the product you receive in your order may not reflect the information on this page. Please check the packaging on any product you purchase and if it's not what you expected, feel free to return it for a full refund.
Details
Ingredients:
INGREDIENTS: Cereals (34%) (Wheat Four, Wheat Bran, Rolled Oats), Apple Fruit Filling (33%) [Apple Puree (48%), Sugar, Glucose, Humectant (Glycerine), Wheat Fibre, Acidity Regulator (Citric Acid), Natural Flavour], Dextrose, Water, Golden Syrup, Humectant (Glycerine), Sugar, Skimmed Milk Powder, Unsalted Butter, Mineral Salt (Sodium Bicarbonate), Emulsifier (Soy Lecithin), Cinnamon (0.1%).
Allergen:
May Contain SULPHITES, May Contain EGG, Contains SOY, May Contain Macadamia Nuts, May Contain Cashew, May Contain SESAME, May Contain Hazelnuts, Contains MILK, May Contain Lupin, May Contain Almonds, May Contain PEANUTS, Contains Gluten, Contains Wheat
Servings Per Pack:
4.0
Storage Instructions:
Store in a cool, dry place
Code: 5859889P
5 8 5 9 8 8 9 P
Customers also purchased
Coles Nut Bar Fruit Nut 210g everyday product
Coles Nut Bar Fruit Nut
210g everyday product
$2.70
210g $1.29 per 100G
Unit Price
Add
1
for $2.70

Mother Earth Baked Oaty Slices Chocolate Chip 240g everyday product
Mother Earth Baked Oaty Slices Chocolate Chip
240g everyday product
$3.50
240g $1.46 per 100G
Unit Price
Add
1
for $3.50

Uncle Toby's Oat Slice Apple & Cinnamon 140g
Uncle Toby's Oat Slice Apple & Cinnamon
140g
$5.50
140g $3.93 per 100G
Unit Price
4.2 (53)
4.2 out of 5 stars from 53 ratings received
1more variety
of Uncle Toby's Oat Slice Apple & Cinnamon 140g
Add
1
for $5.50"	['/wcsstore/Coles-CAS/images/5/8/5/5859889-th.jpg', '/wcsstore/Coles-CAS/images/5/8/5/5859889_R-th.jpg']
Uncle Tobys	Le Snak Tasty Cheese 6 Pack	$ 5 .00	132g	$3.79 per 100G	"Nutrition Facts
Serving size: 1 serving = 22 g
Qty
Quantity
per serving Qty
Quantity
per 100g / 100ml %
Percentage
daily intake*
Energy 356 kJ 1620 kJ 4%
Protein 2.4 g 11.1 g 5%
Total Fat 5.1g 23.5 g 7%
Saturated Fat 2.6 g 11.6 g 11%
Carbohydrate 7 g 31.7 g 2%
Sugars 1.1 g 5.1 g 1%
Dietary Fibre Total 0.6 g 2.5 g 2%
Sodium 175 mg 805 mg 8%
Calcium 101 mg 460 mg 13%
*Percentage Daily Intake per serving. Percentage Daily Intakes are based on an average adult diet of 8700 kJ. Your daily intakes may be higher or lower depending on your energy needs.
Disclaimer:
Product details, including nutritional information and country of origin, may change from time to time and so the product you receive in your order may not reflect the information on this page. Please check the packaging on any product you purchase and if it's not what you expected, feel free to return it for a full refund.
Details
Country of Origin:
Made in Australia
Ingredients:
Cheese Spread [Cheddar Cheese (47%)( Milk , Salt, Starter Culture), Water, Margarine (Vegetable Oils, Water, Salt, Milk Solids, Emulsifiers [ Soy Lecithin, 471], Antioxidants [304, 307b]), Whey Powder ( Milk ), Flavour ( Milk ), Milk Mineral, Mineral Salts (339, 452), Preservative (234)]. Cracker [ Wheat Flour, Vegetable Fats and Oils (Antioxidants [307, 307b]), Wholemeal Wheat Flour, Sugar, Wheat Bran, Invert Syrup, Salt, Raising Agents (503, 500), Poppy Seeds, Wheat Germ]. Contains: Gluten (Wheat), Milk and Soy. May Contain Egg, Tree Nuts and Peanuts.
Allergen:
Contains Soybean, May Be Present Nuts, May Be Present Peanuts, Contains Gluten, Contains Wheat, Contains Milk, May Be Present Egg
Servings Per Pack:
6.0
Storage Instructions:
Store in A Cool Dry Place. Do Not Store Above 22c
Size:
132 g
Code: 4954750P
4 9 5 4 7 5 0 P
Customers also purchased
Coles Cheese Spread & Crispbread Snacks 12 Pack 300g
Coles Cheese Spread & Crispbread Snacks 12 Pack
300g
$4.50
Until 02 May 2023
300g $1.50 per 100G
Unit Price
Add
1
for $4.50

Uncle Tobys Le Snak Cheddar Cheese 132g
Uncle Tobys Le Snak Cheddar Cheese
132g
$5.00
132g $3.79 per 100G
Unit Price
4.6 (17)
4.6 out of 5 stars from 17 ratings received
Add
1
for $5.00

Uncle Tobys Le Snak French Onion 132g
Uncle Tobys Le Snak French Onion
132g
$5.00
132g $3.79 per 100G
Unit Price
5.0 (6)
5.0 out of 5 stars from 6 ratings received
Add
1
for $5.00

Le Snak Tasty Cheese 6 Pack"	['/wcsstore/Coles-CAS/images/4/9/5/4954750-th.jpg', '/wcsstore/Coles-CAS/images/4/9/5/4954750_R-th.jpg']
Carman's	Dark Choc & Cranberry Gourmet Protein Bar 5 pack	$ 6 .90	200g	$3.45 per 100G	"Nutrition Facts
Serving size: 1 serving = 40g
Qty
Quantity
per serving Qty
Quantity
per 100g / 100ml %
Percentage
daily intake*
Energy 824KJ 2060KJ
Not provided
Energy Cal 197Kcal 492Kcal
Not provided
Protein 10.5g 26.2g
Not provided
Total Fat 10.7g 26.7g
Not provided
Saturated Fat 2.2g 5.6g
Not provided
Carbohydrate 13.4g 33.5g
Not provided
Sugars 9.2g 23.0g
Not provided
Dietary Fibre Total 2.6g 6.6g
Not provided
Sodium 52mg 130mg
Not provided
*Percentage Daily Intake per serving. Percentage Daily Intakes are based on an average adult diet of 8700 kJ. Your daily intakes may be higher or lower depending on your energy needs.
Disclaimer:
Product details, including nutritional information and country of origin, may change from time to time and so the product you receive in your order may not reflect the information on this page. Please check the packaging on any product you purchase and if it's not what you expected, feel free to return it for a full refund.
Details
Ingredients:
Nuts 26% (Peanuts, Almonds), Plant Protein Blend(Soy Protein Crisps [Isolated Soy Protein, Tapioca Starch, Salt], Soy Protein Isolate), Glucose, Seeds 11% (Sunflower, Pepitas, Sesame), Honey, Dark Choc Compound (% (Sugar, Vegetable Oil, Cocoa Powder, Emulsifier [Soy Lecithin, Sunflower Lecithin],Salt, Natural Flavour, Milk), Cranberries 7%(Sugar, Cranberries, Sunflower Oil), Sunflower Oil, Natural Flavours, Cinnamon.
Contains:
Peanuts, Almonds, Soy, Sesame and Milk Products
Allergen:
Contains Sesame, Contains Tree Nuts, Contains Soy, Contains Peanuts, Contains Milk
Servings Per Pack:
5.0
Storage Instructions:
Store in a cool, dry place out of direct sunlight so these bars stay fresh.
Code: 2129482P
2 1 2 9 4 8 2 P
Customers also purchased
Carman's Greek Style Yoghurt & Berry Gourmet Protein Bars 5 pack 200g
Carman's Greek Style Yoghurt & Berry Gourmet Protein Bars 5 pack
200g
$6.90
200g $3.45 per 100G
Unit Price
Add
1
for $6.90

Carman's Coconut Yoghurt & Roasted Nut Gourmet Protein Bars 5 pack 200g
Carman's Coconut Yoghurt & Roasted Nut Gourmet Protein Bars 5 pack
200g
$6.90
200g $3.45 per 100G
Unit Price
Add
1
for $6.90

Carman's Salted Dark Choc & Almond Gourmet Protein Bars 5 pack 200g
Carman's Salted Dark Choc & Almond Gourmet Protein Bars 5 pack
200g
$6.90
200g $3.45 per 100G
Unit Price
Add
1
for $6.90

Carman's Salted Caramel Nut Butter Gourmet Protein Bars 5 pack 200g
Carman's Salted Caramel Nut Butter Gourmet Protein Bars 5 pack
200g
$6.90
200g $3.45 per 100G
Unit Price
Add
1
for $6.90"	['/wcsstore/Coles-CAS/images/2/1/2/2129482-th.jpg', '/wcsstore/Coles-CAS/images/2/1/2/2129482_L-th.jpg', '/wcsstore/Coles-CAS/images/2/1/2/2129482_R-th.jpg', '/wcsstore/Coles-CAS/images/2/1/2/2129482_B-th.jpg']
Fibre One	Chocolate Fudge Brownies 5 pack	$ 6 .50	120g	$5.42 per 100G	"Disclaimer:
Product details, including nutritional information and country of origin, may change from time to time and so the product you receive in your order may not reflect the information on this page. Please check the packaging on any product you purchase and if it's not what you expected, feel free to return it for a full refund.
Details
Country of Origin:
Made in New Zealand
Ingredients:
Chicory Root Extract, Wheat Flour, Icing Sugar (Sugar, Maize Starch), Vegetable Fats and Oil, Sugar, Fat-Reduced Cocoa Powder (7%), Fructose, Wheat Fibre, Humectant (Glycerin), Egg White Powder, Flavours, Raising Agents (Sodium Aluminium Phosphate, Sodium Bicarbonate), Salt, Milk Solids, Emulsifier (Soy Lecithin, Sorbitan Tristearate), Thickeners (Locust Bean Gum, Xanthan Gum)
Allergen:
Contains Soybean, May Contain Sulphites, May Contain Peanuts, Contains Egg, May Contain Tree Nuts, May Contain Sesame Seeds, May Contain Lupin, Contains Wheat, Contains Milk
Servings Per Pack:
5.0
Dimensions:
137 x 180 x 37mm
Usage Instructions:
Servings per package: 5, Serving size: 24g (1 bar)
Size:
120g
Code: 2827161P
2 8 2 7 1 6 1 P
Customers also purchased
Fibre One Lemon Drizzle 5 Bars 120g
Fibre One Lemon Drizzle 5 Bars
120g
$6.50
120g $5.42 per 100G
Unit Price
Add
1
for $6.50

Fibre One Salted Caramel Squares 5 pack 120g
Fibre One Salted Caramel Squares 5 pack
120g
$6.50
120g $5.42 per 100G
Unit Price
Add
1
for $6.50

Carman's Cookies & Cream Protein Bars 5 Pack 200g
Carman's Cookies & Cream Protein Bars 5 Pack
200g
$6.90
200g $3.45 per 100G
Unit Price
Add
1
for $6.90"	['/wcsstore/Coles-CAS/images/2/8/2/2827161-th.jpg', '/wcsstore/Coles-CAS/images/2/8/2/2827161_L-th.jpg', '/wcsstore/Coles-CAS/images/2/8/2/2827161_R-th.jpg', '/wcsstore/Coles-CAS/images/2/8/2/2827161_B-th.jpg']
Uncle Tobys	Muesli Bars Yoghurt Variety Pack	$ 8 .00	563g	$1.42 per 100G	"Nutrition Facts
Serving size: 1 serving = 31.3g
Qty
Quantity
per serving Qty
Quantity
per 100g / 100ml %
Percentage
daily intake*
Energy 510kJ 1630kJ 6%
Protein 2.2g 7g 4%
Total Fat 3.5g 11.2g 5%
Saturated Fat 1.3g 4.3g 6%
Carbohydrate 18.7g 59.8g 6%
Sugars 5.8g 18.5g 6%
Dietary Fibre Total 3.3g 10.5g 11%
Sodium 6mg 20mg 0.30%
*Percentage Daily Intake per serving. Percentage Daily Intakes are based on an average adult diet of 8700 kJ. Your daily intakes may be higher or lower depending on your energy needs.
Disclaimer:
Product details, including nutritional information and country of origin, may change from time to time and so the product you receive in your order may not reflect the information on this page. Please check the packaging on any product you purchase and if it's not what you expected, feel free to return it for a full refund.
Details
Ingredients:
Strawberry: Muesli Blend: [Uncle Tobys Rolled Oats (34%), Wheat (11%), Breakfast Cereal (Whole Grain Wheat (5%), Wheat Flour, Wheat Bran, Sugar, Vitamin E), Strawberry Pieces (Strawberry Puree (1%)), Coconut, Milk Powder], Glucose, Yoghurt Compound ( Milk ) [Sugar, Vegetable Fat, Yoghurt Powder (1.3%), Whey Powder, Emulsifiers ( Soy Lecithin, 492), Food Acid (Citric)], Chicory Root Fibre, Sunflower Oil, Sugar, Humectant (Glycerine), Modified Starch (1412), Berry Juice Concentrate [Strawberry (0.6%)], Invert Sugar, Honey (0.7%), Natural Flavour, Emulsifier ( Soy Lecithin). Contains, Wheat, Gluten, Milk, Soy May Contain Other Gluten Containing Ingredients, Lupin Suitable for Vegetarians Honeycomb: Muesli Blend: [Uncle Tobys Rolled Oats (34%), Wheat (11%), Breakfast Cereal (Whole Grain Wheat (5%), Wheat Flour, Wheat Bran, Sugar, Vitamin E), Coconut, Milk Powder], Glucose, Yoghurt Compound ( Milk ) [Sugar, Vegetable Fat, Yoghurt Powder (1.3%), Whey Powder, Emulsifiers ( Soy Lecithin, 492), Food Acid (Citric)], Chicory Root Fibre, Sunflower Oil, Sugar, Humectant (Glycerine), Modified Starch (1412), Invert Sugar, Honey (0.8%), Natural Flavour, Emulsifier ( Soy Lecithin) Contains, Wheat, Gluten, Milk, Soy May Contain Other Gluten Containing Ingredients, Lupin Suitable for Vegetarians Mango Passionfruit: Muesli Blend: [Uncle Tobys Rolled Oats (34%), Wheat (11%), Breakfast Cereal (Whole Grain Wheat (5%), Wheat Flour, Wheat Bran, Sugar, Vitamin E), Mango Pieces (Mango Puree (2%)), Coconut, Milk Powder], Glucose, Yoghurt Compound ( Milk ) [Sugar, Vegetable Fat, Yoghurt Powder (1.3%), Whey Powder, Emulsifiers ( Soy Lecithin, 492), Food Acid (Citric)], Chicory Root Fibre, Sunflower Oil, Sugar, Humectant (Glycerine), Modified Starch (1412), Invert Sugar, Passionfruit Juice Concentrate (1%), Honey (0.7%), Emulsifier ( Soy Lecithin), Food Acid (Citric), Natural Flavour Contains, Wheat, Gluten, Milk, Soy May Contain Other Gluten Containing Ingredients, Lupin Suitable for Vegetarians
Allergen:
Contains Soybean, May Contain Lupin, Contains Gluten, Contains Wheat, Contains Milk, Contains Oats
Servings Per Pack:
18.0
Storage Instructions:
Store in A Cool Dry Place
Dimensions:
182 x 147 x 81mm
Size:
563g
Code: 4456005P
4 4 5 6 0 0 5 P
Customers also purchased
Kellogg's LCMs Puffed Rice Snack Bars Variety 15 Pack 330g
Kellogg's LCMs Puffed Rice Snack Bars Variety 15 Pack
330g
$8.00
Until 02 May 2023
330g $2.42 per 100G
Unit Price
Add
1
for $8.00

Uncle Tobys Choc Chip Muesli Bars Variety Pack 563g
Uncle Tobys Choc Chip Muesli Bars Variety Pack
563g
$8.00
Until 26 Mar 2023
563g $1.42 per 100G
Unit Price
Add
1
for $8.00

Uncle Tobys Muesli Bars Chocolate Favourites Variety 18 Pack 563g
Uncle Tobys Muesli Bars Chocolate Favourites Variety 18 Pack
563g
$8.00
Until 26 Mar 2023
563g $1.42 per 100G
Unit Price
Add
1
for $8.00"	['/wcsstore/Coles-CAS/images/4/4/5/4456005-th.jpg', '/wcsstore/Coles-CAS/images/4/4/5/4456005_L-th.jpg', '/wcsstore/Coles-CAS/images/4/4/5/4456005_R-th.jpg', '/wcsstore/Coles-CAS/images/4/4/5/4456005_B-th.jpg']
Uncle Tobys	Choc Chip Muesli Bars Variety Pack	$ 8 .00	563g	$1.42 per 100G	"Nutrition Facts
Serving size: 1 serving = 31.3g
Qty
Quantity
per serving Qty
Quantity
per 100g / 100ml %
Percentage
daily intake*
Energy 510kJ 1630kJ 6%
Protein 2.2g 6.9g 4%
Total Fat 3.6g 11.5g 5%
Saturated Fat 1.3g 4.2g 5%
Carbohydrate 18.7g 59.8g 6%
Sugars 5.4g 17.2g 6%
Dietary Fibre Total 3.4g 10.9g 11%
Sodium 13mg 40mg 0.50%
*Percentage Daily Intake per serving. Percentage Daily Intakes are based on an average adult diet of 8700 kJ. Your daily intakes may be higher or lower depending on your energy needs.
Disclaimer:
Product details, including nutritional information and country of origin, may change from time to time and so the product you receive in your order may not reflect the information on this page. Please check the packaging on any product you purchase and if it's not what you expected, feel free to return it for a full refund.
Details
Ingredients:
Muesli Blend: [Uncle Tobys Rolled Oats (34%), Wheat (11%), Breakfast Cereal (Whole Grain Wheat (5%), Wheat Flour, Wheat Bran, Sugar, Vitamin E), Coconut, Milk Powder], Glucose, Choc Chips (9%) [Sugar, Vegetable Oil, Milk Solids, Cocoa, Cocoa Mass, Emulsifiers (492, Soy Lecithin), Salt], Chicory Root Fibre, Sunflower Oil, Sugar, Humectant (Glycerine), Modified Starch (1412), Invert Sugar, Honey, Emulsifier ( Soy Lecithin), Natural Flavour, Salt Contains: Gluten, Wheat, Milk, Soy. May Contain Rye, Barley, Lupin. Suitable for Vegetarians
Allergen:
May Contain Barley, Contains Soybean, May Contain Rye, May Contain Lupin, Contains Wheat, Contains Milk, Contains Oats, Contains Cereals
Servings Per Pack:
18.0
Storage Instructions:
Store in A Cool Dry Place
Dimensions:
182 x 147 x 81mm
Size:
563g
Code: 3957060P
3 9 5 7 0 6 0 P
Customers also purchased
Uncle Tobys Chewy Muesli Bars White Choc Chip 6 Pack 185g
Uncle Tobys Chewy Muesli Bars White Choc Chip 6 Pack
185g
$5.00
185g $2.70 per 100G
Unit Price
4.2 (63)
4.2 out of 5 stars from 63 ratings received
7more sizes and varieties
of Uncle Tobys Chewy Muesli Bars White Choc Chip 6 Pack 185g
Add
1
for $5.00

Uncle Tobys Muesli Bars Strawberry Yoghurt 563g
Uncle Tobys Muesli Bars Strawberry Yoghurt
563g
$8.00
Until 26 Mar 2023
563g $1.42 per 100G
Unit Price
8more sizes and varieties
of Uncle Tobys Muesli Bars Strawberry Yoghurt 563g
Add
1
for $8.00

Uncle Tobys Muesli Bars Chocolate Favourites Variety 18 Pack 563g
Uncle Tobys Muesli Bars Chocolate Favourites Variety 18 Pack
563g
$8.00
Until 26 Mar 2023
563g $1.42 per 100G
Unit Price
Add
1
for $8.00

Uncle Tobys Muesli Bars Yoghurt Variety Pack 563g
Uncle Tobys Muesli Bars Yoghurt Variety Pack
563g
$8.00
Until 26 Mar 2023
563g $1.42 per 100G
Unit Price
Add
1
for $8.00"	['/wcsstore/Coles-CAS/images/3/9/5/3957060-th.jpg', '/wcsstore/Coles-CAS/images/3/9/5/3957060_L-th.jpg', '/wcsstore/Coles-CAS/images/3/9/5/3957060_R-th.jpg', '/wcsstore/Coles-CAS/images/3/9/5/3957060_B-th.jpg']
Nice & Natural	Raspberry & Blueberry Fruit Strings	$ 5 .25	136g	$3.86 per 100G	"Disclaimer:
Product details, including nutritional information and country of origin, may change from time to time and so the product you receive in your order may not reflect the information on this page. Please check the packaging on any product you purchase and if it's not what you expected, feel free to return it for a full refund.
Details
Country of Origin:
Made in China
Dimensions:
174 x 52 x 108mm
Size:
136g
Code: 1018329P
1 0 1 8 3 2 9 P
Customers also purchased
Uncle Toby's Strawberry Flavour Roll Ups 6 pack 94g on online only special
Uncle Toby's Strawberry Flavour Roll Ups 6 pack
94g on online only special
buy any 2 for $7.00
Any 2
$ 7
regular price
$5.00 ea
each
94g $5.32 per 1G
Unit Price
4.0 (4)
4.0 out of 5 stars from 4 ratings received
4more sizes and varieties
of Uncle Toby's Strawberry Flavour Roll Ups 6 pack 94g on online only special
Pick any 2 for $7.00 ...

Nice & Natural Raspberry Flavour Fruit Frogs 8 pack 136g
Nice & Natural Raspberry Flavour Fruit Frogs 8 pack
136g
$5.25
136g $3.86 per 100G
Unit Price
Add
1
for $5.25

Iddy Biddy Fruit Snacks Mixed Berry 160g
Iddy Biddy Fruit Snacks Mixed Berry
160g
$4.40
160g $2.75 per 100G
Unit Price
Add
1
for $4.40"	['/wcsstore/Coles-CAS/images/1/0/1/1018329-th.jpg', '/wcsstore/Coles-CAS/images/1/0/1/1018329_R-th.jpg']
Carman's	Salted Caramel Nut Butter Gourmet Protein Bars 5 pack	$ 6 .90	200g	$3.45 per 100G	"Nutrition Facts
Serving size: 1 serving = 40g
Qty
Quantity
per serving Qty
Quantity
per 100g / 100ml %
Percentage
daily intake*
Energy 820kJ 2050kJ
Not provided
Energy Cal 196kcal 490kcal
Not provided
Protein 10.4g 25.9g
Not provided
Total Fat 11.6g 29.0g
Not provided
Saturated Fat 2.4g 5.9g
Not provided
Carbohydrate 11.1g 27.8g
Not provided
Sugars 6.1g 15.2g
Not provided
Dietary Fibre Total 3.0g 7.5g
Not provided
Sodium 154mg 386mg
Not provided
Gluten Not detected Not detected
Not provided
*Percentage Daily Intake per serving. Percentage Daily Intakes are based on an average adult diet of 8700 kJ. Your daily intakes may be higher or lower depending on your energy needs.
Disclaimer:
Product details, including nutritional information and country of origin, may change from time to time and so the product you receive in your order may not reflect the information on this page. Please check the packaging on any product you purchase and if it's not what you expected, feel free to return it for a full refund.
Details
Ingredients:
Nuts 33% (Peanuts, Almonds), Plant Protein Blend (Soy Protein Crisps [Isolated Soy Protein, Tapioca Starch, Salt], Pea Protein Crisps, Soy Protein Isolate), Glucose, Almond Butter Compound 9% (Sugar, Vegetable Oil, Milk Solids, Almonds, Emulsifier [Soy Lecithin, Sunflower Lecithin], Salt, Natural Flavour), Seeds 7% (Sunflower, Pepitas, Sesame), Golden Syrup, Chicory Fibre, Sunflower Oil, Peanut Butter 2.5%, Buckwheat, Natural Caramel Flavour, Sea Salt, Emulsifier (Sunflower Lecithin), Natural Flavour.
Contains:
Peanuts, Almonds, Soy, Milk Products and Sesame.
Allergen:
Contains Sesame, Contains Tree Nuts, Contains Soy, Contains Peanuts, Contains Milk
Servings Per Pack:
5.0
Storage Instructions:
Store in a cool, dry place out of direct sunlight so these bars stay fresh.
Suitable for:
Kosher and Halal.
Usage Instructions:
Lift tab gently to open.
Size:
200g NET
Warning:
Our bars include natural ingredients and whilst every effort has been made to remove all nut shells and stones, the occasional one may be found.
Code: 3387869P
3 3 8 7 8 6 9 P
Customers also purchased
Carman's Greek Style Yoghurt & Berry Gourmet Protein Bars 5 pack 200g
Carman's Greek Style Yoghurt & Berry Gourmet Protein Bars 5 pack
200g
$6.90
200g $3.45 per 100G
Unit Price
Add
1
for $6.90

Carman's Coconut Yoghurt & Roasted Nut Gourmet Protein Bars 5 pack 200g
Carman's Coconut Yoghurt & Roasted Nut Gourmet Protein Bars 5 pack
200g
$6.90
200g $3.45 per 100G
Unit Price
Add
1
for $6.90

Carman's Salted Dark Choc & Almond Gourmet Protein Bars 5 pack 200g
Carman's Salted Dark Choc & Almond Gourmet Protein Bars 5 pack
200g
$6.90
200g $3.45 per 100G
Unit Price
Add
1
for $6.90

Carman's Cookies & Cream Protein Bars 5 Pack 200g
Carman's Cookies & Cream Protein Bars 5 Pack
200g
$6.90
200g $3.45 per 100G
Unit Price
Add
1
for $6.90"	['/wcsstore/Coles-CAS/images/3/3/8/3387869-th.jpg', '/wcsstore/Coles-CAS/images/3/3/8/3387869_L-th.jpg', '/wcsstore/Coles-CAS/images/3/3/8/3387869_R-th.jpg', '/wcsstore/Coles-CAS/images/3/3/8/3387869_B-th.jpg']
Carman's	Oat Slices Golden Oat And Coconut 5 Pack	$ 4 .90	175g	$2.80 per 100G	"Nutrition Facts
Serving size: 1 serving = 35g
Qty
Quantity
per serving Qty
Quantity
per 100g / 100ml %
Percentage
daily intake*
Energy 662kJ 1890kJ
Not provided
Energy Cal 158kcal 452kcal
Not provided
Protein 2.5g 7.0g
Not provided
Total Fat 7.7g 21.9g
Not provided
Saturated Fat 5.9g 16.9g
Not provided
Carbohydrate 18.9g 53.9g
Not provided
Sugars 8.1g 23.0g
Not provided
Dietary Fibre Total 2.1g 6.0g
Not provided
Sodium 60mg 170mg
Not provided
*Percentage Daily Intake per serving. Percentage Daily Intakes are based on an average adult diet of 8700 kJ. Your daily intakes may be higher or lower depending on your energy needs.
Disclaimer:
Product details, including nutritional information and country of origin, may change from time to time and so the product you receive in your order may not reflect the information on this page. Please check the packaging on any product you purchase and if it's not what you expected, feel free to return it for a full refund.
Details
Ingredients:
Whole Grain Oats 16%, Whole Grain Oat Flour 14%, Coconut 14% (Coconut, Preservative [223 (Sulphites)]), Butter (Milk), Brown Sugar, Wheat Flour (Thiamine, Folic Acid), Golden Syrup, Brown Rice Syrup, Grape Juice Concentrate, Raising Agent (Sodium Bicarbonate), Antioxidant (307b).
Contains:
Gluten (Oats, Wheat), Milk Products and Sulphites.
Allergen:
May Be Present Sesame, May Be Present Tree Nuts, May Be Present Peanuts, Contains Gluten, Contains Wheat, Contains Milk, Contains Oats, May Be Present Lupin, Contains Sulphites, May Be Present Egg
Servings Per Pack:
5.0
Storage Instructions:
Store in a cool, dry place out of direct sunlight so these oat slices stay fresh.
Usage Instructions:
Lift tab gently to open
Size:
5 Pack 175g
Warning:
*We have not added any nuts to this recipe, however, we do share equipment with other products that contain nuts.
Code: 4456118P
4 4 5 6 1 1 8 P
Customers also purchased
Carmans Protein Bakes Salted Caramel 5 Pack 175g
Carmans Protein Bakes Salted Caramel 5 Pack
175g
$6.90
175g $3.94 per 100G
Unit Price
Add
1
for $6.90

Carmans Protein Bakes Peanut Butter Choco Chip 5 Pack 175g
Carmans Protein Bakes Peanut Butter Choco Chip 5 Pack
175g
$6.90
175g $3.94 per 100G
Unit Price
Add
1
for $6.90"	['/wcsstore/Coles-CAS/images/4/4/5/4456118-th.jpg', '/wcsstore/Coles-CAS/images/4/4/5/4456118_L-th.jpg', '/wcsstore/Coles-CAS/images/4/4/5/4456118_R-th.jpg', '/wcsstore/Coles-CAS/images/4/4/5/4456118_B-th.jpg']
Kellogg's	Nutri-Grain Original Cereal Snack Bars 6 pack	$ 4 .00	144g	$2.78 per 100G	"Nutrition Facts
Serving size: 1 serving = 24g
Qty
Quantity
per serving Qty
Quantity
per 100g / 100ml %
Percentage
daily intake*
Energy 420kJ 1750kJ 5%
Protein 1.7g 7.1g 3%
Total Fat 2.4g 9.8g 3%
Saturated Fat 1.4g 5.9g 6%
Carbohydrate 17.7g 73.8g 6%
Sugars 9.0g 37.6g 10%
Dietary Fibre Total 0.4g 1.5g 1%
Sodium 66mg 275mg 3%
*Percentage Daily Intake per serving. Percentage Daily Intakes are based on an average adult diet of 8700 kJ. Your daily intakes may be higher or lower depending on your energy needs.
Disclaimer:
Product details, including nutritional information and country of origin, may change from time to time and so the product you receive in your order may not reflect the information on this page. Please check the packaging on any product you purchase and if it's not what you expected, feel free to return it for a full refund.
Details
Country of Origin:
Made in Thailand
Ingredients:
Cereals (33%) (wheat flour, oat flour, maize flour, rice flour), choc compound (19%) (sugar, vegetable fat, milk solids, cocoa, emulsifiers [soy lecithin, 476], stabiliser [492]), sugar, glucose, invert syrup, glucose solids, wheat protein, vegetable oil (antioxidant [tocopherols]), molasses, humectant (glycerol), barley malt extract, salt, raising agent (sodium bicarbonate), caramelised sugar, milk solids, natural flavour, emulsifier (soy lecithin), natural colours (paprika, turmeric), antioxidant (rosemary extract).
Contains:
Contains gluten, wheat, milk, soy. May contain peanut, tree nuts.
Allergen:
May Be Present Tree Nuts, May Be Present Peanuts, Contains Gluten, Contains Soy, Contains Wheat, Contains Milk
Servings Per Pack:
6.0
Usage Instructions:
Slide finger under tab and break seal left to right.
Size:
144g
Code: 2133898P
2 1 3 3 8 9 8 P
Customers also purchased
Kellogg's LCMs Kaleidos Puffed Rice Snack Bars 6 pack 132g on special
Kellogg's LCMs Kaleidos Puffed Rice Snack Bars 6 pack
132g on special
$4.00
save
$1.00
132g $3.03 per 100G
Unit Price
5more sizes and varieties
of Kellogg's LCMs Kaleidos Puffed Rice Snack Bars 6 pack 132g on special
Add
1
for $4.00

Kellogg's LCMs Choc Chip Puffed Rice Snack Bars 6 pack 132g on special
Kellogg's LCMs Choc Chip Puffed Rice Snack Bars 6 pack
132g on special
$4.00
save
$1.00
132g $3.03 per 100G
Unit Price
5more sizes and varieties
of Kellogg's LCMs Choc Chip Puffed Rice Snack Bars 6 pack 132g on special
Add
1
for $4.00

Kellogg's K-Time Baked Twists Strawberry & Yoghurt Flavour Filled Snack Bars 5 pack 185g on special
Kellogg's K-Time Baked Twists Strawberry & Yoghurt Flavour Filled Snack Bars 5 pack
185g on special
$4.00
save
$1.00
185g $2.16 per 100G
Unit Price
2more varieties
of Kellogg's K-Time Baked Twists Strawberry & Yoghurt Flavour Filled Snack Bars 5 pack 185g on special
Add
1
for $4.00

Kellogg's K-Time Baked Twists Raspberry & Apple Flavour Filled Snack Bars 5 pack 185g on special
Kellogg's K-Time Baked Twists Raspberry & Apple Flavour Filled Snack Bars 5 pack
185g on special
$4.00
save
$1.00
185g $2.16 per 100G
Unit Price
2more varieties
of Kellogg's K-Time Baked Twists Raspberry & Apple Flavour Filled Snack Bars 5 pack 185g on special
Add
1
for $4.00"	['/wcsstore/Coles-CAS/images/2/1/3/2133898-th.jpg', '/wcsstore/Coles-CAS/images/2/1/3/2133898_L-th.jpg', '/wcsstore/Coles-CAS/images/2/1/3/2133898_R-th.jpg', '/wcsstore/Coles-CAS/images/2/1/3/2133898_B-th.jpg']
Uncle Tobys	Yoghurt Muesli Bars Strawberry 6 Pack	$ 5 .00	185g	$2.70 per 100G	"Nutrition Facts
Serving size: 1 serving = 31.3 g
Qty
Quantity
per serving Qty
Quantity
per 100g / 100ml %
Percentage
daily intake*
Energy 510 kJ 1630 kJ 6%
Protein 2.2 g 7 g 4%
Total Fat
Not provided
11.2 g 5%
Saturated Fat 1.3 g 4.3 g 6%
Carbohydrate 18.7 g 59.8 g 6%
Sugars 5.8 g 18.5 g 6%
Dietary Fibre Total 3.3 g 10.5 g 11%
Sodium 6 mg 20 mg 0.3%
*Percentage Daily Intake per serving. Percentage Daily Intakes are based on an average adult diet of 8700 kJ. Your daily intakes may be higher or lower depending on your energy needs.
Disclaimer:
Product details, including nutritional information and country of origin, may change from time to time and so the product you receive in your order may not reflect the information on this page. Please check the packaging on any product you purchase and if it's not what you expected, feel free to return it for a full refund.
Details
Ingredients:
Muesli Blend: [Uncle Tobys Rolled Oats (34%), Wheat (11%), Breakfast Cereal (Whole Grain Wheat (5%), Wheat Flour, Wheat Bran, Sugar, Vitamin E), Strawberry Pieces (Strawberry Puree (1%)), Coconut, Milk Powder], Glucose, Yoghurt Compound ( Milk ) [Sugar, Vegetable Fat, Yoghurt Powder (1.3%), Whey Powder, Emulsifiers ( Soy Lecithin, 492), Food Acid (Citric)], Chicory Root Fibre, Sunflower Oil, Sugar, Humectant (Glycerine), Modified Starch (1412), Invert Sugar, Berry Juice Concentrate [Strawberry (0.6%)], Honey, Natural Flavour, Emulsifier ( Soy Lecithin) Contains Gluten, Wheat, Milk, Soy May Rye, Barley, Lupin Suitable for Vegetarians
Allergen:
May Be Present Barley, May Be Present Rye, Contains Wheat, Contains Milk, Contains Oats, May Be Present Lupin, Contains Cereals Containing Gluten
Servings Per Pack:
6.0
Storage Instructions:
Store in A Cool Dry Place
Size:
185 g
Preparation Instructions:
Lift Tab To Goodness
Code: 4974983P
4 9 7 4 9 8 3 P
Customers also purchased
Uncle Tobys Chewy Apricot Wholegrain Oats Bars 6 Pack 185g
Uncle Tobys Chewy Apricot Wholegrain Oats Bars 6 Pack
185g
$5.00
185g $2.70 per 100G
Unit Price
4.3 (68)
4.3 out of 5 stars from 68 ratings received
6more varieties
of Uncle Tobys Chewy Apricot Wholegrain Oats Bars 6 Pack 185g
Add
1
for $5.00

Uncle Tobys Yoghurt Muesli Bars Honeycomb 6 Pack 185g
Uncle Tobys Yoghurt Muesli Bars Honeycomb 6 Pack
185g
$5.00
185g $2.70 per 100G
Unit Price
7more sizes and varieties
of Uncle Tobys Yoghurt Muesli Bars Honeycomb 6 Pack 185g
Add
1
for $5.00

Uncle Tobys Mango And Passionfruit Yoghurt Muesli Bars 185g
Uncle Tobys Mango And Passionfruit Yoghurt Muesli Bars
185g
$5.00
185g $2.70 per 100G
Unit Price
7more sizes and varieties
of Uncle Tobys Mango And Passionfruit Yoghurt Muesli Bars 185g
Add
1
for $5.00

Yoghurt Muesli Bars Strawberry 6 Pack"	['/wcsstore/Coles-CAS/images/4/9/7/4974983-th.jpg', '/wcsstore/Coles-CAS/images/4/9/7/4974983_L-th.jpg', '/wcsstore/Coles-CAS/images/4/9/7/4974983_R-th.jpg', '/wcsstore/Coles-CAS/images/4/9/7/4974983_B-th.jpg']
Coles	Muesli Bars Strawberry Yoghurt Top 8 Pack	$ 2 .50	248g	$1.01 per 100G	"Nutrition Facts
Serving size: 1 serving = Approximately 31g
Qty
Quantity
per serving Qty
Quantity
per 100g / 100ml %
Percentage
daily intake*
Energy 526 1700 6
Energy Cal 124 402
Not provided
Protein 2.0 6.6 4
Total Fat 3.7 11.9 5
Saturated Fat 2.0 6.3 8
Trans 0.0g 0.0g
Not provided
Polyunsaturated LESS THAN 1g 1.3
Not provided
Mono Unsaturated LESS THAN 1g 2.9
Not provided
Carbohydrate 19.7 63.5 6
Sugars 7.84 25.3
Not provided
Dietary Fibre Total 2.08 6.7
Not provided
Sodium 23 74 1
*Percentage Daily Intake per serving. Percentage Daily Intakes are based on an average adult diet of 8700 kJ. Your daily intakes may be higher or lower depending on your energy needs.
Disclaimer:
Product details, including nutritional information and country of origin, may change from time to time and so the product you receive in your order may not reflect the information on this page. Please check the packaging on any product you purchase and if it's not what you expected, feel free to return it for a full refund.
Details
Ingredients:
INGREDIENTS: Wholegrains (46%) (Oats, Wheat), Glucose, Yoghurt Compound (17%) (Sugar, Vegetable Fat (Palm**), Milk Solids, Yoghurt Powder (Milk), Emulsifer (322 (Soy)), Acidity Regulator (Citric Acid)), Invert Syrup, Sugar, Rice Crisps, Sunflower Oil, Oat Fibre, Elderberry Juice Concentrate, Natural Strawberry Flavour, Humectant (422).
Allergen:
May Contain SOY, May Contain SESAME, Contains MILK, Contains CEREALS CONTAINING GLUTEN, May Contain PEANUTS, Contains Wheat, Contains Oats, May Contain TREE NUTS
Servings Per Pack:
8.0
Code: 2262449P
2 2 6 2 4 4 9 P"	['/wcsstore/Coles-CAS/images/2/2/6/2262449-th.jpg', '/wcsstore/Coles-CAS/images/2/2/6/2262449_L-th.jpg', '/wcsstore/Coles-CAS/images/2/2/6/2262449_R-th.jpg', '/wcsstore/Coles-CAS/images/2/2/6/2262449_B-th.jpg']
Carmans	Oat Slices Belgian Chocolate 5 Pack	$ 4 .90	175g	$2.80 per 100G	"Nutrition Facts
Serving size: 1 serving = 35g
Qty
Quantity
per serving Qty
Quantity
per 100g / 100ml %
Percentage
daily intake*
Energy 655kJ 1870kJ
Not provided
Energy Cal 156kcal 447kcal
Not provided
Protein 2.6g 7.3g
Not provided
Total Fat 6.7g 19.0g
Not provided
Saturated Fat 4.4g 12.7g
Not provided
Carbohydrate 20.7g 59.0g
Not provided
Sugars 7.7g 22.0g
Not provided
Dietary Fibre Total 1.8g 5.2g
Not provided
Sodium 53mg 150mg
Not provided
*Percentage Daily Intake per serving. Percentage Daily Intakes are based on an average adult diet of 8700 kJ. Your daily intakes may be higher or lower depending on your energy needs.
Disclaimer:
Product details, including nutritional information and country of origin, may change from time to time and so the product you receive in your order may not reflect the information on this page. Please check the packaging on any product you purchase and if it's not what you expected, feel free to return it for a full refund.
Details
Ingredients:
Whole Grain Oats 16%, Whole Grain Oat Flour 14%, Butter (Milk), Brown Sugar, Wheat Flour (Thiamine, Folic Acid), Coconut (Coconut, Preservative [223 (Sulphites)]), Golden Syrup, Belgian Dark Chocolate 7% (Cocoa Solids 56% [Cocoa Mass, Cocoa Butter], Sugar, Emulsifier [Soy Lecithin, Sunflower Lecithin], Natural Vanilla Flavour), Brown Rice Syrup, Grape Juice Concentrate, Cocoa Powder, Raising Agent (Sodium Bicarbonate), Antioxidant (307b).
Contains:
Gluten (Oats, Wheat), Milk Products, Soy and Sulphites.
Allergen:
May Be Present Sesame, May Be Present Tree Nuts, May Be Present Peanuts, Contains Gluten, Contains Soy, Contains Wheat, Contains Milk, Contains Oats, May Be Present Lupin, Contains Sulphites, May Be Present Egg
Servings Per Pack:
5.0
Storage Instructions:
Store in a cool, dry place out of direct sunlight so these oat slices stay fresh.
Usage Instructions:
Lift tab gently to open
Size:
5 Pack 175g
Warning:
Lunchbox friendly (We have not added any nuts to this recipe, however, we do share equipment with other products that contain nuts).
Code: 4456093P
4 4 5 6 0 9 3 P
Customers also purchased
Carman's Dark Choc Cherry & Coconut Bars 6 pack 210g
Carman's Dark Choc Cherry & Coconut Bars 6 pack
210g
$6.50
210g $3.10 per 100G
Unit Price
Add
1
for $6.50

Carman's Aussie Oat Muesli Bars Brownie with Choc 6 Pack 180g
Carman's Aussie Oat Muesli Bars Brownie with Choc 6 Pack
180g
$5.50
180g $3.06 per 100G
Unit Price
Add
1
for $5.50

Carmans Oat Slices Berry 5 Pack 175g
Carmans Oat Slices Berry 5 Pack
175g
$4.90
Until 11 Apr 2023
Was $5.50 Jan 2023
175g $2.80 per 100G
Unit Price
Add
1
for $4.90"	['/wcsstore/Coles-CAS/images/4/4/5/4456093-th.jpg', '/wcsstore/Coles-CAS/images/4/4/5/4456093_L-th.jpg', '/wcsstore/Coles-CAS/images/4/4/5/4456093_R-th.jpg', '/wcsstore/Coles-CAS/images/4/4/5/4456093_B-th.jpg']
Uncle Tobys	Muesli Bars Chocolate Favourites Variety 18 Pack	$ 8 .00	563g	$1.42 per 100G	"Nutrition Facts
Serving size: 1 serving = 31.3g
Qty
Quantity
per serving Qty
Quantity
per 100g / 100ml %
Percentage
daily intake*
Energy 510kJ 1620kJ 6%
Protein 2.3g 7.3g 5%
Total Fat 3.6g 11.4g 5%
Saturated Fat 1.3g 4.1g 5%
Carbohydrate 18.7g 59.8g 6%
Sugars 5.3g 17g 6%
Dietary Fibre Total 3.5g 11.1g 12%
Sodium 9mg 30mg 0.40%
*Percentage Daily Intake per serving. Percentage Daily Intakes are based on an average adult diet of 8700 kJ. Your daily intakes may be higher or lower depending on your energy needs.
Disclaimer:
Product details, including nutritional information and country of origin, may change from time to time and so the product you receive in your order may not reflect the information on this page. Please check the packaging on any product you purchase and if it's not what you expected, feel free to return it for a full refund.
Details
Ingredients:
Choc Chip: Muesli Blend: [Uncle Tobys Rolled Oats (34%), Wheat (11%), Breakfast Cereal (Whole Grain Wheat (5%), Wheat Flour, Wheat Bran, Sugar, Vitamin E), Coconut, Milk Powder], Glucose, Choc Chips (9%) [Sugar, Vegetable Oil, Milk Solids, Cocoa, Cocoa Mass, Emulsifiers (492, Soy Lecithin), Salt], Chicory Root Fibre, Sunflower Oil, Sugar, Humectant (Glycerine), Modified Starch (1412), Invert Sugar, Honey, Emulsifier ( Soy Lecithin), Natural Flavour, Salt Contains: Gluten, Wheat, Milk, Soy May Contain Rye, Barley Lupin Suitable for Vegetarians White Choc Chip: Muesli Blend: [Uncle Tobys Rolled Oats (34%), Wheat (11%), Breakfast Cereal (Whole Grain Wheat (5% ) , Wheat Flour, Wheat Bran, Sugar, Vitamin E), Coconut, Milk Powder], Glucose, Choc Chips (9%) [Sugar, Vegetable Oil, Whey Powder ( Milk ), Emulsifiers ( Soy Lecithin, 492), Flavour], Chicory Root Fibre, Sunflower Oil, Sugar, Humectant (Glycerine), Modified Starch (1412), Invert Sugar, Honey, Emulsifier ( Soy Lecithin), Natural Flavour Contains Gluten, Wheat, Milk, Soy May Contain Rye, Barley, Lupin Suitable for Vegetarians Oh My Choc: Muesli Blend: [Uncle Tobys Rolled Oats (34%), Wheat (11%), Breakfast Cereal (Whole Grain Wheat (5%), Wholemeal Wheat Flour, Wheat Bran, Sugar, Vitamin E), Cocoa, Coconut, Milk Powder], Glucose, Choc Chips (9%) [Sugar, Vegetable Oil, Milk Solids, Cocoa, Cocoa Mass, Emulsifiers (492, Soy Lecithin), Salt], Chicory Root Fibre, Sunflower Oil, Sugar, Humectant (Glycerine), Modified Starch (1412), Invert Sugar, Honey, Emulsifier ( Soy Lecithin), Flavour, Salt Contains Gluten, Wheat, Milk, Soy May Contain Rye, Barley, Lupin Suitable for Vegetarians
Allergen:
May Contain Barley, Contains Soybean, May Contain Rye, May Contain Lupin, Contains Wheat, Contains Milk, Contains Oats, Contains Cereals
Servings Per Pack:
18.0
Storage Instructions:
Store in A Cool Dry Place
Dimensions:
182 x 147 x 81mm
Size:
563g
Code: 4456016P
4 4 5 6 0 1 6 P
Customers also purchased
Kellogg's LCMs Split Stix Puffed Rice Snack Bars Variety 15 pack 345g
Kellogg's LCMs Split Stix Puffed Rice Snack Bars Variety 15 pack
345g
$8.00
Until 02 May 2023
345g $2.32 per 100G
Unit Price
4more sizes and varieties
of Kellogg's LCMs Split Stix Puffed Rice Snack Bars Variety 15 pack 345g
Add
1
for $8.00

Uncle Tobys Muesli Bars Strawberry Yoghurt 563g
Uncle Tobys Muesli Bars Strawberry Yoghurt
563g
$8.00
Until 26 Mar 2023
563g $1.42 per 100G
Unit Price
8more sizes and varieties
of Uncle Tobys Muesli Bars Strawberry Yoghurt 563g
Add
1
for $8.00

Uncle Tobys Muesli Bars Yoghurt Variety Pack 563g
Uncle Tobys Muesli Bars Yoghurt Variety Pack
563g
$8.00
Until 26 Mar 2023
563g $1.42 per 100G
Unit Price
Add
1
for $8.00"	['/wcsstore/Coles-CAS/images/4/4/5/4456016-th.jpg', '/wcsstore/Coles-CAS/images/4/4/5/4456016_L-th.jpg', '/wcsstore/Coles-CAS/images/4/4/5/4456016_B-th.jpg']
Carman's	Coconut Yoghurt & Roasted Nut Gourmet Protein Bars 5 pack	$ 6 .90	200g	$3.45 per 100G	"Nutrition Facts
Serving size: 1 serving = 40g
Qty
Quantity
per serving Qty
Quantity
per 100g / 100ml %
Percentage
daily intake*
Energy 812kJ 2030kJ
Not provided
Energy Cal 194kcal 485kcal
Not provided
Protein 10.4g 25.9g
Not provided
Total Fat 10.2g 25.5g
Not provided
Saturated Fat 3.9g 9.7g
Not provided
Carbohydrate 14.6g 36.6g
Not provided
Sugars 7.5g 18.7g
Not provided
Dietary Fibre Total 1.3g 3.3g
Not provided
Sodium 96mg 241mg
Not provided
Gluten Not detected Not detected
Not provided
*Percentage Daily Intake per serving. Percentage Daily Intakes are based on an average adult diet of 8700 kJ. Your daily intakes may be higher or lower depending on your energy needs.
Disclaimer:
Product details, including nutritional information and country of origin, may change from time to time and so the product you receive in your order may not reflect the information on this page. Please check the packaging on any product you purchase and if it's not what you expected, feel free to return it for a full refund.
Details
Ingredients:
Nuts (Peanuts 13%, Cashews 9%, Almonds 1%), Glucose, Plant Protein Blend (Soy Protein Crisps [Isolated Soy Protein, Tapioca Starch, Salt], Soy Protein Isolate), Yoghurt Compound 9% (Sugar, Vegetable Oil, Yoghurt Powder 10% [Milk], Milk Solids, Emulsifier [Soy Lecithin, Sunflower Lecithin], Food Acid [Citric Acid], Natural Flavour), Seeds 9% (Sunflower, Pepitas, Sesame), Coconut 7%, Honey, Sunflower Oil, Natural Flavour.
Contains:
Peanuts, Cashews, Almond, Soy, Milk, Sesame.
Allergen:
Contains Sesame, Contains Tree Nuts, Contains Soy, Contains Peanuts, Contains Milk
Dietary:
No Artificial Flavours or Colours
Servings Per Pack:
5.0
Storage Instructions:
Store in a cool, dry place out of direct sunlight so these bars stay fresh.
Usage Instructions:
Lift tab gently to open.
Size:
5 Pack 200g
Warning:
Our bars include natural ingredients and whilst every effort has been made to remove all nut shells and stones, the occasional one may be found.
Code: 2795542P
2 7 9 5 5 4 2 P
Customers also purchased
Carman's Dark Choc & Cranberry Gourmet Protein Bar 5 pack 200g
Carman's Dark Choc & Cranberry Gourmet Protein Bar 5 pack
200g
$6.90
200g $3.45 per 100G
Unit Price
Add
1
for $6.90

Carman's Greek Style Yoghurt & Berry Gourmet Protein Bars 5 pack 200g
Carman's Greek Style Yoghurt & Berry Gourmet Protein Bars 5 pack
200g
$6.90
200g $3.45 per 100G
Unit Price
Add
1
for $6.90

Carman's Salted Dark Choc & Almond Gourmet Protein Bars 5 pack 200g
Carman's Salted Dark Choc & Almond Gourmet Protein Bars 5 pack
200g
$6.90
200g $3.45 per 100G
Unit Price
Add
1
for $6.90

Carman's Salted Caramel Nut Butter Gourmet Protein Bars 5 pack 200g
Carman's Salted Caramel Nut Butter Gourmet Protein Bars 5 pack
200g
$6.90
200g $3.45 per 100G
Unit Price
Add
1
for $6.90"	['/wcsstore/Coles-CAS/images/2/7/9/2795542-th.jpg', '/wcsstore/Coles-CAS/images/2/7/9/2795542_L-th.jpg', '/wcsstore/Coles-CAS/images/2/7/9/2795542_R-th.jpg', '/wcsstore/Coles-CAS/images/2/7/9/2795542_B-th.jpg']
Carman's	Salted Dark Choc & Almond Gourmet Protein Bars 5 pack	$ 6 .90	200g	$3.45 per 100G	"Nutrition Facts
Serving size: 1 serving = 40g
Qty
Quantity
per serving Qty
Quantity
per 100g / 100ml %
Percentage
daily intake*
Energy 796KJ 1990KJ
Not provided
Energy Cal 190Kcal 476Kcal
Not provided
Protein 10.4g 26.0g
Not provided
Total Fat 11.1g 27.7g
Not provided
Saturated Fat 2.4g 5.9g
Not provided
Carbohydrate 10.6g 26.6g
Not provided
Sugars 5.9g 14.7g
Not provided
Dietary Fibre Total 3.6g 9.0g
Not provided
Sodium 151mg 377mg
Not provided
Gluten Not detected Not detected
Not provided
*Percentage Daily Intake per serving. Percentage Daily Intakes are based on an average adult diet of 8700 kJ. Your daily intakes may be higher or lower depending on your energy needs.
Disclaimer:
Product details, including nutritional information and country of origin, may change from time to time and so the product you receive in your order may not reflect the information on this page. Please check the packaging on any product you purchase and if it's not what you expected, feel free to return it for a full refund.
Details
Contains:
Peanut, Almonds, Soy, Sesame and Milk Products
Allergen:
Contains Sesame, Contains Tree Nuts, Contains Soy, Contains Peanuts, Contains Milk
Servings Per Pack:
5.0
Storage Instructions:
Store in a cool, dry place out of directly sunlight so these bars stay fresh.
Code: 3022961P
3 0 2 2 9 6 1 P
Customers also purchased
Carman's Dark Choc & Cranberry Gourmet Protein Bar 5 pack 200g
Carman's Dark Choc & Cranberry Gourmet Protein Bar 5 pack
200g
$6.90
200g $3.45 per 100G
Unit Price
Add
1
for $6.90

Carman's Greek Style Yoghurt & Berry Gourmet Protein Bars 5 pack 200g
Carman's Greek Style Yoghurt & Berry Gourmet Protein Bars 5 pack
200g
$6.90
200g $3.45 per 100G
Unit Price
Add
1
for $6.90

Carman's Coconut Yoghurt & Roasted Nut Gourmet Protein Bars 5 pack 200g
Carman's Coconut Yoghurt & Roasted Nut Gourmet Protein Bars 5 pack
200g
$6.90
200g $3.45 per 100G
Unit Price
Add
1
for $6.90

Carman's Salted Caramel Nut Butter Gourmet Protein Bars 5 pack 200g
Carman's Salted Caramel Nut Butter Gourmet Protein Bars 5 pack
200g
$6.90
200g $3.45 per 100G
Unit Price
Add
1
for $6.90"	['/wcsstore/Coles-CAS/images/3/0/2/3022961-th.jpg', '/wcsstore/Coles-CAS/images/3/0/2/3022961_L-th.jpg', '/wcsstore/Coles-CAS/images/3/0/2/3022961_R-th.jpg', '/wcsstore/Coles-CAS/images/3/0/2/3022961_B-th.jpg']
Nature Valley	Crunchy Oats & Honey 6 Twin Bars	$ 6 .50	252g	$2.58 per 100G	"Nutrition Facts
Serving size: 1 serving = 42g
Qty
Quantity
per serving Qty
Quantity
per 100g / 100ml %
Percentage
daily intake*
Energy 823kJ 1960kJ 9%
Protein 3.7g 8.7g 7%
Total Fat 7.6g 18.1g 11%
Saturated Fat 0.9g 2.2g 4%
Carbohydrate 27g 64.3g 9%
Sugars 11.3g 26.8g 13%
Dietary Fibre Total 2.7g 6.4g 9%
Sodium 143mg 341mg 6%
*Percentage Daily Intake per serving. Percentage Daily Intakes are based on an average adult diet of 8700 kJ. Your daily intakes may be higher or lower depending on your energy needs.
Disclaimer:
Product details, including nutritional information and country of origin, may change from time to time and so the product you receive in your order may not reflect the information on this page. Please check the packaging on any product you purchase and if it's not what you expected, feel free to return it for a full refund.
Details
Country of Origin:
Made in Spain
Ingredients:
Whole Grain Rolled Oats (60%), Sugar, Sunflower Oil, Honey (3%), Salt, Molasses, Emulsifier (Sunflower Lecithin), Raising Agent (Sodium Bicarbonate)
Allergen:
May Contain Soybean, May Contain Peanuts, May Contain Wheat, May Contain Tree Nuts, Contains Oats
Dietary:
No Preservatives
Servings Per Pack:
6.0
Dimensions:
137 x 154 x 46mm
Usage Instructions:
Servings per package: 6, Serving size: 42 g (2 Bars)
Size:
252g
Code: 3585024P
3 5 8 5 0 2 4 P
Customers also purchased
Carman's Almond Hazelnut & Vanilla Nut Bar 175g
Carman's Almond Hazelnut & Vanilla Nut Bar
175g
$6.50
175g $3.71 per 100G
Unit Price
Add
1
for $6.50

Nature Valley Salted Caramel Protein Bar 160g
Nature Valley Salted Caramel Protein Bar
160g
$5.00
Until 02 May 2023
Was $6.50 Jan 2023
160g $3.13 per 100G
Unit Price
Add
1
for $5.00

Nature Valley Crunchy Canadian Maple Syrup 6 Twin Bars 252g
Nature Valley Crunchy Canadian Maple Syrup 6 Twin Bars
252g
$6.50
252g $2.58 per 100G
Unit Price
Add
1
for $6.50

Nature Valley Crunchy Variety 6 Twin Bars 252g
Nature Valley Crunchy Variety 6 Twin Bars
252g
$6.50
252g $2.58 per 100G
Unit Price
Add
1
for $6.50"	['/wcsstore/Coles-CAS/images/3/5/8/3585024-th.jpg', '/wcsstore/Coles-CAS/images/3/5/8/3585024_L-th.jpg', '/wcsstore/Coles-CAS/images/3/5/8/3585024_R-th.jpg', '/wcsstore/Coles-CAS/images/3/5/8/3585024_B-th.jpg']
Coles	Snack Rainbow Sticks 24 pack	$ 4 .15	480g	$0.86 per 100G	"Nutrition Facts
Serving size: 1 serving = Approximately 20g
Qty
Quantity
per serving Qty
Quantity
per 100g / 100ml %
Percentage
daily intake*
Energy 336.90 1684.50
Not provided
Energy Cal 80.60 402.99
Not provided
Protein 0.42 2.10
Not provided
Total Fat 0.92 4.60
Not provided
Saturated Fat 0.78 3.90
Not provided
Carbohydrate 17.16 85.80
Not provided
Sugars 14.24 71.20
Not provided
Dietary Fibre Total 0.50 2.50
Not provided
Sodium 12.00 60.00
Not provided
*Percentage Daily Intake per serving. Percentage Daily Intakes are based on an average adult diet of 8700 kJ. Your daily intakes may be higher or lower depending on your energy needs.
Disclaimer:
Product details, including nutritional information and country of origin, may change from time to time and so the product you receive in your order may not reflect the information on this page. Please check the packaging on any product you purchase and if it's not what you expected, feel free to return it for a full refund.
Details
Ingredients:
INGREDIENTS: Sugar, Mixed Dried Fruit (25%) [Apricot, Pear, Pineapple, Sultanas or Peach, Preservative (Sulphur Dioxide)], Glucose Syrup, Maize Maltodextrin, Non Fat Milk Solids, Coconut, Corn Starch, Palm Oil, Citric Acid, Natural Flavours [Apricot, Strawberry, Orange, Raspberry], Natural Colours (Cochineal, Annatto), Fruit Juice [Orange Juice from Concentrate, Raspberry Juice From Concentrate, Strawberry Juice from Concentrate]. Mixed Dried Fruit may vary with seasonal availability
Allergen:
May Be Present SOY, May Be Present Hazelnuts, May be Present: wheat, almond, Brazil nut, cashew, hazelnut, macadamia, other tree nuts, milk, soy, Contains SULPHITES, Contains MILK, May Be Present Gluten
Servings Per Pack:
24.0
Storage Instructions:
Store in a cool, dry place
Code: 5860301P
5 8 6 0 3 0 1 P
Customers also purchased
Iddy Biddy Assorted Fruit Flavoured Snacks 8 pack 160g
Iddy Biddy Assorted Fruit Flavoured Snacks 8 pack
160g
$4.40
160g $2.75 per 100G
Unit Price
Add
1
for $4.40

Iddy Biddy Fruit Snacks Mixed Berry 160g
Iddy Biddy Fruit Snacks Mixed Berry
160g
$4.40
160g $2.75 per 100G
Unit Price
Add
1
for $4.40"	['/wcsstore/Coles-CAS/images/5/8/6/5860301-th.jpg', '/wcsstore/Coles-CAS/images/5/8/6/5860301_B-th.jpg']
Carmans	Protein Bars Double Dark Choc	$ 11 .00	400g	$2.75 per 100G	"Nutrition Facts
Serving size: 1 serving = 40g
Qty
Quantity
per serving Qty
Quantity
per 100g / 100ml %
Percentage
daily intake*
Energy 808kJ 2020kJ
Not provided
Energy Cal 193kcal 483kcal
Not provided
Protein 11.2g 28.0g
Not provided
Total Fat 10.7g 26.8g
Not provided
Saturated Fat 5.4g 13.4g
Not provided
Carbohydrate 12.1g 30.2g
Not provided
Sugars 7.4g 18.5g
Not provided
Dietary Fibre Total 2.0g 4.9g
Not provided
Sodium 111mg 277mg
Not provided
Gluten Not detected Not detected
Not provided
*Percentage Daily Intake per serving. Percentage Daily Intakes are based on an average adult diet of 8700 kJ. Your daily intakes may be higher or lower depending on your energy needs.
Disclaimer:
Product details, including nutritional information and country of origin, may change from time to time and so the product you receive in your order may not reflect the information on this page. Please check the packaging on any product you purchase and if it's not what you expected, feel free to return it for a full refund.
Details
Ingredients:
Dark Choc Compound 30% (Vegetable Oil, Sugar, Milk Protein, Cocoa Powder, Emulsifier [Soy Lecithin, Sunflower Lecithin]), Peanuts 26%, Protein Blend (Soy Protein Crisps [Isolated Soy Protein, Tapioca Starch, Salt], Soy Protein Isolate), Glucose, Golden Syrup, Soluble Corn Fibre, Belgian Milk Chocolate 2.5% (Milk Powder), Buckwheat, Sunflower Oil, Cocoa Powder, Humectant (Glycerin [Plant Derived]), Natural Flavours, Pink Himalayan Salt.
Contains:
Milk, Soy, Peanuts.
Allergen:
May Be Present Sesame, May Be Present Tree Nuts, Contains Soy, Contains Peanuts, Contains Milk
Dietary:
No Artificial Flavours or Colours
Servings Per Pack:
10.0
Storage Instructions:
Store in a cool, dry place out of direct sunlight so these bars stay fresh.
Suitable for:
Kosher, Halal
Usage Instructions:
Lift tab gently to open
Size:
10 Pack 400g
Warning:
Our bars include natural ingredients and whilst every effort has been made to remove all nut shells and stones, the occasional one may be found.
Code: 4256833P
4 2 5 6 8 3 3 P
Customers also purchased
Carman's Original Fruit Free Muesli Bars 540g everyday product
Carman's Original Fruit Free Muesli Bars
540g everyday product
$10.00
540g $1.85 per 100G
Unit Price
Add
1
for $10.00

Carman's Coconut Yoghurt & Roasted Nut Gourmet Protein Bars 5 pack 200g
Carman's Coconut Yoghurt & Roasted Nut Gourmet Protein Bars 5 pack
200g
$6.90
200g $3.45 per 100G
Unit Price
Add
1
for $6.90

Carman's Cookies & Cream Protein Bars 5 Pack 200g
Carman's Cookies & Cream Protein Bars 5 Pack
200g
$6.90
200g $3.45 per 100G
Unit Price
Add
1
for $6.90"	['/wcsstore/Coles-CAS/images/4/2/5/4256833-th.jpg', '/wcsstore/Coles-CAS/images/4/2/5/4256833_L-th.jpg', '/wcsstore/Coles-CAS/images/4/2/5/4256833_R-th.jpg', '/wcsstore/Coles-CAS/images/4/2/5/4256833_B-th.jpg']
Carman's	Greek Style Yoghurt & Berry Gourmet Protein Bars 5 pack	$ 6 .90	200g	$3.45 per 100G	"Nutrition Facts
Serving size: 1 serving = 40g
Qty
Quantity
per serving Qty
Quantity
per 100g / 100ml %
Percentage
daily intake*
Energy 800kJ 2000kJ
Not provided
Energy Cal 191kcal 478kcal
Not provided
Protein 10.3g 24.7g
Not provided
Total Fat 9.9g 24.7g
Not provided
Saturated Fat 2.2g 5.6g
Not provided
Carbohydrate 14.5g 36.2g
Not provided
Sugars 9.1g 22.8g
Not provided
Dietary Fibre Total 1.4g 3.6g
Not provided
Sodium 88mg 221mg
Not provided
Gluten Not detected Not detected
Not provided
*Percentage Daily Intake per serving. Percentage Daily Intakes are based on an average adult diet of 8700 kJ. Your daily intakes may be higher or lower depending on your energy needs.
Disclaimer:
Product details, including nutritional information and country of origin, may change from time to time and so the product you receive in your order may not reflect the information on this page. Please check the packaging on any product you purchase and if it's not what you expected, feel free to return it for a full refund.
Details
Ingredients:
Nuts 26% (Peanuts, Almonds), Plant Protein Blend (Soy Protein Crisps [Isolated Soy Protein, Tapioca Starch, Salt], Soy Protein Isolate) Glucose, Seeds 11% (Sunflower, Pepitas, Sesame), Golden Syrup, Greek Style Yoghurt Compound 9% (Sugar, Vegetable Oil, Yoghurt Powder 10% [Milk], Milk Solids, Emulsifier [Soy Lecithin,Sunflower Lecithin], Food Acid [Citric Acid], Natural Flavour), Fruit (Cranberries 5% [Sugar, Cranberries, Sunflower Oil], Currants 2%), Sunflower Oil, Natural Flavours, Cinnamon.
Contains:
Peanuts, Almonds, Soy, Sesame and Milk Products.
Allergen:
Contains Sesame, Contains Tree Nuts, Contains Soy, Contains Peanuts, Contains Milk
Dietary:
No Artificial Flavours or Colours
Servings Per Pack:
5.0
Storage Instructions:
Store in a cool, dry place out of direct sunlight so these bars stay fresh.
Suitable for:
Suitable for a gluten free diet
Usage Instructions:
Lift tab gently to open.
Size:
200g NET
Warning:
Our bars include natural ingredients and whilst every effort has been made to remove all nut shells and stones, the occasional one may be found.
Code: 2392513P
2 3 9 2 5 1 3 P
Customers also purchased
Carman's Coconut Yoghurt & Roasted Nut Gourmet Protein Bars 5 pack 200g
Carman's Coconut Yoghurt & Roasted Nut Gourmet Protein Bars 5 pack
200g
$6.90
200g $3.45 per 100G
Unit Price
Add
1
for $6.90

Carman's Salted Dark Choc & Almond Gourmet Protein Bars 5 pack 200g
Carman's Salted Dark Choc & Almond Gourmet Protein Bars 5 pack
200g
$6.90
200g $3.45 per 100G
Unit Price
Add
1
for $6.90

Carman's Salted Caramel Nut Butter Gourmet Protein Bars 5 pack 200g
Carman's Salted Caramel Nut Butter Gourmet Protein Bars 5 pack
200g
$6.90
200g $3.45 per 100G
Unit Price
Add
1
for $6.90

Carman's Cookies & Cream Protein Bars 5 Pack 200g
Carman's Cookies & Cream Protein Bars 5 Pack
200g
$6.90
200g $3.45 per 100G
Unit Price
Add
1
for $6.90"	['/wcsstore/Coles-CAS/images/2/3/9/2392513-th.jpg', '/wcsstore/Coles-CAS/images/2/3/9/2392513_L-th.jpg', '/wcsstore/Coles-CAS/images/2/3/9/2392513_R-th.jpg', '/wcsstore/Coles-CAS/images/2/3/9/2392513_B-th.jpg']
Coles	Dark Choc Protein Bars 5 Pack	$ 4 .00	190g	$2.11 per 100G	"Nutrition Facts
Serving size: 1 serving = 38g
Qty
Quantity
per serving Qty
Quantity
per 100g / 100ml %
Percentage
daily intake*
Energy 796.024 2094.8
Not provided
Energy Cal 190.4363636 501.1483254
Not provided
Protein 10.108 26.6
Not provided
Trans 0.076 0.2
Not provided
Polyunsaturated 1.406 3.7
Not provided
Mono Unsaturated 6.422 16.9
Not provided
Carbohydrate 10.716 28.2
Not provided
Sugars 6.536 17.2
Not provided
Dietary Fibre Total 3.23 8.5
Not provided
Sodium 91.2 240
Not provided
Gluten 0 0
Not provided
*Percentage Daily Intake per serving. Percentage Daily Intakes are based on an average adult diet of 8700 kJ. Your daily intakes may be higher or lower depending on your energy needs.
Disclaimer:
Product details, including nutritional information and country of origin, may change from time to time and so the product you receive in your order may not reflect the information on this page. Please check the packaging on any product you purchase and if it's not what you expected, feel free to return it for a full refund.
Details
Ingredients:
INGREDIENTS: Roasted Nuts [Peanuts (33%), Almonds (2.1%)], High Protein Dark Chocolate Compound (13%) [Vegetable Fat (Palm), Sugar, Milk Protein Isolate, Cocoa Powder^, Emulsifier (322 (Soy)), Natural Flavour], Soy Protein Crisps (12%) [Soy Protein Isolate, Tapioca Starch, Salt], Glucose, Golden Syrup, Dark Chocolate Compound Chips (7%) [Sugar, Vegetable Fat (Palm), Cocoa Powder^, Emulsifier (322 (Soy)), Natural Flavour, Milk], Sunflower Seeds (5.9%), Inulin, Soy Protein Isolate (3.5%), Sunflower Oil, Peanut Butter, Natural Flavours (Contains Milk), Maltodextrin, Salt, Emulsifier (322), Humectant (422).
Allergen:
May Contain Pine, May Contain Walnut, Contains SOY, May Contain Macadamia Nuts, May Contain Cashew, Contains PEANUTS, May Contain SESAME, May Contain Hazelnuts, May Contain Brazil Nuts, Contains MILK, Contains Almonds, May Contain Pistachios, May Contain Pecan
Servings Per Pack:
5.0
Storage Instructions:
Store in a cool, dry place
Code: 3838505P
3 8 3 8 5 0 5 P
Customers also purchased
Coles Nut Bar Choc Coated 210g everyday product
Coles Nut Bar Choc Coated
210g everyday product
$2.70
210g $1.29 per 100G
Unit Price
Add
1
for $2.70

Coles Mocha Protein Bars 5 Pack 190g everyday product
Coles Mocha Protein Bars 5 Pack
190g everyday product
$4.00
190g $2.11 per 100G
Unit Price
Add
1
for $4.00

Coles Puffed Rice Bars Fairy Bread 6 Pack 120g everyday product
Coles Puffed Rice Bars Fairy Bread 6 Pack
120g everyday product
$3.00
120g $2.50 per 100G
Unit Price
Add
1
for $3.00

Coles Caramel Fudge Protein Bar 5 Pack 190g everyday product
Coles Caramel Fudge Protein Bar 5 Pack
190g everyday product
$4.00
190g $2.11 per 100G
Unit Price
Add
1
for $4.00"	['/wcsstore/Coles-CAS/images/3/8/3/3838505-th.jpg', '/wcsstore/Coles-CAS/images/3/8/3/3838505_L-th.jpg', '/wcsstore/Coles-CAS/images/3/8/3/3838505_R-th.jpg', '/wcsstore/Coles-CAS/images/3/8/3/3838505_B-th.jpg']
Uncle Tobys	Chewy Muesli Bars White Choc Chip 6 Pack	$ 5 .00	185g	$2.70 per 100G	"Nutrition Facts
Serving size: 1 serving = 31.3g
Qty
Quantity
per serving Qty
Quantity
per 100g / 100ml %
Percentage
daily intake*
Energy 520kJ 1650kJ 6%
Protein 2.1g 6.6g 4%
Total Fat 3.7g 11.8g 5%
Saturated Fat 1.4g 4.5g 6%
Carbohydrate 18.8g 60.2g 6%
Sugars 5.5g 17.7g 6%
Dietary Fibre Total 3.4g 10.9g 11%
Sodium 5mg 15mg 0.20%
*Percentage Daily Intake per serving. Percentage Daily Intakes are based on an average adult diet of 8700 kJ. Your daily intakes may be higher or lower depending on your energy needs.
Disclaimer:
Product details, including nutritional information and country of origin, may change from time to time and so the product you receive in your order may not reflect the information on this page. Please check the packaging on any product you purchase and if it's not what you expected, feel free to return it for a full refund.
Details
Ingredients:
Muesli Blend: [Uncle Tobys Rolled Oats (34%), Wheat (11%), Breakfast Cereal (Whole Grain Wheat (5% ) , Wheat Flour, Wheat Bran, Sugar, Vitamin E), Coconut, Milk Powder], Glucose, Choc Chips (9%) [Sugar, Vegetable Oil, Whey Powder ( Milk ), Emulsifiers (Soy Lecithin, 492), Flavour], Chicory Root Fibre, Sunflower Oil, Sugar, Humectant (Glycerine), Modified Starch (1412), Invert Sugar, Honey, Emulsifier ( Soy Lecithin), Natural Flavour Contains: Gluten, Wheat, Milk Soy May Contain Rye, Barely, Lupin Suitable for Vegetarians
Allergen:
May Contain Barley, Contains Soybean, May Contain Rye, May Contain Lupin, Contains Wheat, Contains Milk, Contains Oats, Contains Cereals
Servings Per Pack:
6.0
Storage Instructions:
Store in A Cool Dry Place
Dimensions:
146 x 146 x 35mm
Size:
185g
Preparation Instructions:
Lift Tab To Goodness
Code: 4975217P
4 9 7 5 2 1 7 P
Customers also purchased
Uncle Tobys Chewy Apricot Wholegrain Oats Bars 6 Pack 185g
Uncle Tobys Chewy Apricot Wholegrain Oats Bars 6 Pack
185g
$5.00
185g $2.70 per 100G
Unit Price
4.3 (68)
4.3 out of 5 stars from 68 ratings received
6more varieties
of Uncle Tobys Chewy Apricot Wholegrain Oats Bars 6 Pack 185g
Add
1
for $5.00

Uncle Tobys Chewy Bars Choc Chip 185g
Uncle Tobys Chewy Bars Choc Chip
185g
$5.00
185g $2.70 per 100G
Unit Price
4.3 (69)
4.3 out of 5 stars from 69 ratings received
8more sizes and varieties
of Uncle Tobys Chewy Bars Choc Chip 185g
Add
1
for $5.00

Uncle Tobys Yoghurt Muesli Bars Honeycomb 6 Pack 185g
Uncle Tobys Yoghurt Muesli Bars Honeycomb 6 Pack
185g
$5.00
185g $2.70 per 100G
Unit Price
7more sizes and varieties
of Uncle Tobys Yoghurt Muesli Bars Honeycomb 6 Pack 185g
Add
1
for $5.00

Chewy Muesli Bars White Choc Chip 6 Pack"	['/wcsstore/Coles-CAS/images/4/9/7/4975217-th.jpg', '/wcsstore/Coles-CAS/images/4/9/7/4975217_L-th.jpg', '/wcsstore/Coles-CAS/images/4/9/7/4975217_R-th.jpg', '/wcsstore/Coles-CAS/images/4/9/7/4975217_B-th.jpg']
Carman's	Cookies & Cream Protein Bars 5 Pack	$ 6 .90	200g	$3.45 per 100G	"Nutrition Facts
Serving size: 1 serving = 40g
Qty
Quantity
per serving Qty
Quantity
per 100g / 100ml %
Percentage
daily intake*
Energy 788kJ 1970kJ
Not provided
Energy Cal 188kcal 471kcal
Not provided
Protein 10.0g 25.1g
Not provided
Total Fat 10.0g 25.0g
Not provided
Saturated Fat 3.4g 8.5g
Not provided
Carbohydrate 12.9g 32.2g
Not provided
Sugars 7.2g 18.0g
Not provided
Dietary Fibre Total 3.3g 8.2g
Not provided
Sodium 94mg 236mg
Not provided
Gluten Not detected Not detected
Not provided
*Percentage Daily Intake per serving. Percentage Daily Intakes are based on an average adult diet of 8700 kJ. Your daily intakes may be higher or lower depending on your energy needs.
Disclaimer:
Product details, including nutritional information and country of origin, may change from time to time and so the product you receive in your order may not reflect the information on this page. Please check the packaging on any product you purchase and if it's not what you expected, feel free to return it for a full refund.
Details
Ingredients:
Nuts 33% (Peanuts, Almonds), Plant Protein (Soy Protein Crisps [Isolated Soy Protein, Tapioca Starch, Salt]), Glucose, White Choc Compound 10% (Sugar, Vegetable Oil, Milk Solids, Emulsifier [Soy Lecithin, Sunflower Lecithin], Salt, Natural Flavour), Choc Cookie Pieces 7% (Tapioca Flour, Chickpea Flour, Sugar, Cocoa Solids [Cocoa Butter, Cocoa Powder], Rice Bran Oil, Raising Agent [Sodium Bicarbonate], Natural Flavour, Salt), Chicory Fibre, Golden Syrup, Cocoa Liquor, Cream Powder 2% (Milk), Cocoa Powder, Natural Flavours, Emulsifier (Sunflower Lecithin), Humectant (Glycerin [Plant Derived]).
Contains:
Peanuts, Almonds, Soy and Milk Products
Allergen:
May Be Present Sesame, Contains Tree Nuts, Contains Soy, Contains Peanuts, Contains Milk
Dietary:
No Artificial Flavours or Colours
Servings Per Pack:
5.0
Storage Instructions:
Store in a cool, dry place out of direct sunlight so these bars stay fresh.
Suitable for:
Kosher, Halal
Usage Instructions:
Lift tab gently to open.
Size:
200g NET
Warning:
Our bars include natural ingredients and whilst every effort has been made to remove all nut shells and stones, the occasional one may be found.
Code: 3786900P
3 7 8 6 9 0 0 P
Customers also purchased
Carman's Greek Style Yoghurt & Berry Gourmet Protein Bars 5 pack 200g
Carman's Greek Style Yoghurt & Berry Gourmet Protein Bars 5 pack
200g
$6.90
200g $3.45 per 100G
Unit Price
Add
1
for $6.90

Carman's Coconut Yoghurt & Roasted Nut Gourmet Protein Bars 5 pack 200g
Carman's Coconut Yoghurt & Roasted Nut Gourmet Protein Bars 5 pack
200g
$6.90
200g $3.45 per 100G
Unit Price
Add
1
for $6.90

Carman's Salted Caramel Nut Butter Gourmet Protein Bars 5 pack 200g
Carman's Salted Caramel Nut Butter Gourmet Protein Bars 5 pack
200g
$6.90
200g $3.45 per 100G
Unit Price
Add
1
for $6.90"	['/wcsstore/Coles-CAS/images/3/7/8/3786900-th.jpg', '/wcsstore/Coles-CAS/images/3/7/8/3786900_L-th.jpg', '/wcsstore/Coles-CAS/images/3/7/8/3786900_R-th.jpg', '/wcsstore/Coles-CAS/images/3/7/8/3786900_B-th.jpg']
Fibre One	Milk Chocolate Popcorn Bars	$ 6 .50	105g	$6.19 per 100G	"Nutrition Facts
Serving size: 1 serving = 21g
Qty
Quantity
per serving Qty
Quantity
per 100g / 100ml %
Percentage
daily intake*
Energy 358kJ 1710kJ 4%
Protein 1.2g 5.5g 2%
Total Fat 3.6g 17g 5%
Saturated Fat 2.5g 11.8g 10%
Carbohydrate 9.8g 46.6g 3%
Sugars 4.8g 22.9g 5%
Dietary Fibre Total 5g 24g 17%
Sodium 78mg 371mg 3%
*Percentage Daily Intake per serving. Percentage Daily Intakes are based on an average adult diet of 8700 kJ. Your daily intakes may be higher or lower depending on your energy needs.
Disclaimer:
Product details, including nutritional information and country of origin, may change from time to time and so the product you receive in your order may not reflect the information on this page. Please check the packaging on any product you purchase and if it's not what you expected, feel free to return it for a full refund.
Details
Country of Origin:
Made in Spain
Ingredients:
Chicory Root Extract, Milk Chocolate Chips (12%) (Sugar, Whole Milk Powder, Cocoa Butter, Cocoa Mass, Emulsifier (Soy Lecithin), Vanilla Flavour), Oligofructose, Whole Grain Rolled Oats (9%), Popcorn (9%) (Corn, Sunflower Oil), Vegetable Fats, Pretzel Pieces (6%) (Wheat Flour, Salt, Sunflower Oil, Malted Wheat Flour, Yeast), Milk Solids, Sugar, Fructose, Wheat Flour, Rice Flour, Fat-Reduced Cocoa Powder, Humectant (Glycerin), Sunflower Oil, Emulsifiers (Sunflower Lecithin, Soy Lecithin), Salt, Dextrose, Flavours (contains Milk), Honey, Antioxidant (Tocopherols Concentrate), Milk Chocolate contains 27% Cocoa Solids and 20% Milk Solids
Allergen:
Contains Soybean, May Contain Egg, May Contain Peanuts, May Contain Tree Nuts, May Contain Sesame Seeds, Contains Wheat, Contains Milk, Contains Oats
Servings Per Pack:
5.0
Dimensions:
138 x 154 x 46mm
Usage Instructions:
Servings per package: 5, Serving size: 21 g (1 bar)
Size:
105g
Warning:
Please be careful as occasionally an un-popped kernel may end up in the bar.
Code: 3384565P
3 3 8 4 5 6 5 P
Customers also purchased
Fibre One Triple Choc Cake Bars 4 Pieces 100g
Fibre One Triple Choc Cake Bars 4 Pieces
100g
$6.50
100g $6.50 per 100G
Unit Price
Add
1
for $6.50

Fibre One Squares Birthday Cake 120g
Fibre One Squares Birthday Cake
120g
$6.50
120g $5.42 per 100G
Unit Price
Add
1
for $6.50"	['/wcsstore/Coles-CAS/images/3/3/8/3384565-th.jpg', '/wcsstore/Coles-CAS/images/3/3/8/3384565_L-th.jpg', '/wcsstore/Coles-CAS/images/3/3/8/3384565_R-th.jpg', '/wcsstore/Coles-CAS/images/3/3/8/3384565_B-th.jpg']
Kellogg's	LCMs Kaleidos Puffed Rice Snack Bars 6 pack	$ 4 .00	132g	$3.03 per 100G	"Nutrition Facts
Serving size: 1 serving = 22g
Qty
Quantity
per serving Qty
Quantity
per 100g / 100ml %
Percentage
daily intake*
Energy 380kJ 1720kJ 4%
Protein 0.8g 3.7g 2%
Total Fat 2.1g 9.6g 3%
Saturated Fat 1g 4.7g 4%
Carbohydrate 16.7g 76g 5%
Sugars 8.9g 40.5g 10%
Dietary Fibre Total 0.4g 1.7g 1%
Sodium 48mg 220mg 2%
*Percentage Daily Intake per serving. Percentage Daily Intakes are based on an average adult diet of 8700 kJ. Your daily intakes may be higher or lower depending on your energy needs.
Disclaimer:
Product details, including nutritional information and country of origin, may change from time to time and so the product you receive in your order may not reflect the information on this page. Please check the packaging on any product you purchase and if it's not what you expected, feel free to return it for a full refund.
Details
Country of Origin:
Made in Thailand
Ingredients:
White rice (30%), glucose, candy coated choc chips (14%)(choc compound [sugar, vegetable fat, cocoa, milk solids, emulsifiers (soy lecithin), salt, natural flavour], coating [sugar, tapioca starch, natural colours (171, 100, 120, 160c)], glazing agent [903, 904]), fructose, sugar, invert syrup, vegetable oil (antioxidant [tocopherols]), glucose solids, cocoa, milk solids, humectant (glycerol), salt, gelatin, emulsifiers (soy lecithin, canola lecithin, 472e), barley malt extract, natural flavour (chocolate), antioxidant (rosemary extract).
Contains:
Contains gluten containing cereals, milk and soy. May contain traces of peanuts and/or tree nuts.
Allergen:
Contains Barley, May Be Present Tree Nuts, May Be Present Peanuts, Contains Soy, Contains Milk, Contains Cereals Containing Gluten
Servings Per Pack:
6.0
Usage Instructions:
To open: Slide finger under tab and break seal left to right. Tear side of each flap along perforated lines and fold back.
Size:
132g
Code: 6920930P
6 9 2 0 9 3 0 P
Customers also purchased
Kellogg's LCMs Choc Chip Puffed Rice Snack Bars 6 pack 132g on special
Kellogg's LCMs Choc Chip Puffed Rice Snack Bars 6 pack
132g on special
$4.00
save
$1.00
132g $3.03 per 100G
Unit Price
5more sizes and varieties
of Kellogg's LCMs Choc Chip Puffed Rice Snack Bars 6 pack 132g on special
Add
1
for $4.00

Kellogg's Nutri-Grain Original Cereal Snack Bars 6 pack 144g on special
Kellogg's Nutri-Grain Original Cereal Snack Bars 6 pack
144g on special
$4.00
save
$1.00
144g $2.78 per 100G
Unit Price
1more size
of Kellogg's Nutri-Grain Original Cereal Snack Bars 6 pack 144g on special
Add
1
for $4.00

Kellogg's LCMs Coco Pops Chocolatey Puffed Rice Snack Bars 6 pack 132g on special
Kellogg's LCMs Coco Pops Chocolatey Puffed Rice Snack Bars 6 pack
132g on special
$4.00
save
$1.00
132g $3.03 per 100G
Unit Price
4more varieties
of Kellogg's LCMs Coco Pops Chocolatey Puffed Rice Snack Bars 6 pack 132g on special
Add
1
for $4.00

Kellogg's LCMs Unicorn Puffed Rice Snack Bars 6 pack 132g on special
Kellogg's LCMs Unicorn Puffed Rice Snack Bars 6 pack
132g on special
$4.00
save
$1.00
132g $3.03 per 100G
Unit Price
4more varieties
of Kellogg's LCMs Unicorn Puffed Rice Snack Bars 6 pack 132g on special
Add
1
for $4.00"	['/wcsstore/Coles-CAS/images/6/9/2/6920930-th.jpg', '/wcsstore/Coles-CAS/images/6/9/2/6920930_L-th.jpg', '/wcsstore/Coles-CAS/images/6/9/2/6920930_R-th.jpg', '/wcsstore/Coles-CAS/images/6/9/2/6920930_B-th.jpg']
Uncle Toby's	Milo Chewy Muesli Bar	$ 5 .00	185g	$2.70 per 100G	"Nutrition Facts
Serving size: 1 serving = 31.3g
Qty
Quantity
per serving Qty
Quantity
per 100g / 100ml %
Percentage
daily intake*
Energy 510kJ 1640kJ 6%
Protein 2.4g 7.6g 5%
Total Fat 3.3g 10.7g 5%
Saturated Fat 0.8g 2.6g 3%
Carbohydrate 18.8g 60g 6%
Sugars 4.5g 14.4g 5%
Dietary Fibre Total 3.8g 12g 13%
Sodium 10mg 32mg 0.40%
*Percentage Daily Intake per serving. Percentage Daily Intakes are based on an average adult diet of 8700 kJ. Your daily intakes may be higher or lower depending on your energy needs.
Disclaimer:
Product details, including nutritional information and country of origin, may change from time to time and so the product you receive in your order may not reflect the information on this page. Please check the packaging on any product you purchase and if it's not what you expected, feel free to return it for a full refund.
Details
Ingredients:
Muesli Blend: [Uncle Tobys Rolled Oats (38%), Wheat (12%), Milo Cereal Puffs (Formulated Supplementary Food Base (2.8%) (Extract of Malt Barley Or Malt Barley and Rice, Milk Solids, Sugar, Cocoa, Choc Malt Blend, Minerals (Calcium, Iron), Maltodextrin (Corn), Vitamins (C, B3, B6, B2, D, B12), Emulsifier ( Soy Lecithin)), Wheat Flour, Wholegrain Wheat Flour, Malt Extract ( Barley ), Cocoa, Salt), Coconut, Formulated Supplementary Food Base (2.8%) (Extract of Malt Barley Or Malt Barley and Rice, Milk Solids, Sugar, Cocoa, Choc Malt Blend Minerals (Calcium, Iron), Maltodextrin (Corn), Vitamins (C, B3, B6, B2, D, B12), Emulsifier ( Soy Lecithin)), Glucose, Chicory Root Fibre, Sunflower Oil, Sugar, Humectant (Glycerine), Modified Starch (1412), Invert Sugar, Honey, Natural Flavour, Emulsifier ( Soy Lecithin). Contains Gluten, Wheat, Milk, Soy May Contain Rye, Lupin, Tree Nuts Contains 5.6% Milo Suitable for Vegetarians
Allergen:
Contains Soybean, May Contain Rye, May Contain Tree Nuts, Contains Barley, May Contain Lupin, Contains Gluten, Contains Wheat, Contains Milk, Contains Oats
Servings Per Pack:
6.0
Storage Instructions:
Store in A Cool Dry Place
Dimensions:
146 x 146 x 35mm
Size:
185g
Code: 5153519P
5 1 5 3 5 1 9 P
Customers also purchased
Uncle Tobys Chewy Apricot Wholegrain Oats Bars 6 Pack 185g
Uncle Tobys Chewy Apricot Wholegrain Oats Bars 6 Pack
185g
$5.00
185g $2.70 per 100G
Unit Price
4.3 (68)
4.3 out of 5 stars from 68 ratings received
6more varieties
of Uncle Tobys Chewy Apricot Wholegrain Oats Bars 6 Pack 185g
Add
1
for $5.00

Uncle Tobys Chewy Muesli Bars White Choc Chip 6 Pack 185g
Uncle Tobys Chewy Muesli Bars White Choc Chip 6 Pack
185g
$5.00
185g $2.70 per 100G
Unit Price
4.2 (63)
4.2 out of 5 stars from 63 ratings received
7more sizes and varieties
of Uncle Tobys Chewy Muesli Bars White Choc Chip 6 Pack 185g
Add
1
for $5.00

Uncle Tobys Chewy Bars Choc Chip 185g
Uncle Tobys Chewy Bars Choc Chip
185g
$5.00
185g $2.70 per 100G
Unit Price
4.3 (69)
4.3 out of 5 stars from 69 ratings received
8more sizes and varieties
of Uncle Tobys Chewy Bars Choc Chip 185g
Add
1
for $5.00

Uncle Tobys Yoghurt Muesli Bars Honeycomb 6 Pack 185g
Uncle Tobys Yoghurt Muesli Bars Honeycomb 6 Pack
185g
$5.00
185g $2.70 per 100G
Unit Price
7more sizes and varieties
of Uncle Tobys Yoghurt Muesli Bars Honeycomb 6 Pack 185g
Add
1
for $5.00

Milo Chewy Muesli Bar"	['/wcsstore/Coles-CAS/images/5/1/5/5153519-th.jpg', '/wcsstore/Coles-CAS/images/5/1/5/5153519_L-th.jpg', '/wcsstore/Coles-CAS/images/5/1/5/5153519_R-th.jpg', '/wcsstore/Coles-CAS/images/5/1/5/5153519_B-th.jpg']
Kellogg's	LCMs Choc Chip Puffed Rice Snack Bars 6 pack	$ 4 .00	132g	$3.03 per 100G	"Nutrition Facts
Serving size: 1 serving = 22g
Qty
Quantity
per serving Qty
Quantity
per 100g / 100ml %
Percentage
daily intake*
Energy 390kJ 1780kJ 5%
Protein 0.7g 3.2g 1%
Total Fat 2.5g 11.4g 4%
Saturated Fat 1.3g 5.8g 5%
Carbohydrate 16.9g 76.7g 5%
Sugars 8g 36.5g 9%
Dietary Fibre Total 0.1g 0.6g 0.4%
Sodium 63mg 290mg 3%
*Percentage Daily Intake per serving. Percentage Daily Intakes are based on an average adult diet of 8700 kJ. Your daily intakes may be higher or lower depending on your energy needs.
Disclaimer:
Product details, including nutritional information and country of origin, may change from time to time and so the product you receive in your order may not reflect the information on this page. Please check the packaging on any product you purchase and if it's not what you expected, feel free to return it for a full refund.
Details
Country of Origin:
Made in Thailand
Ingredients:
White rice (34%), glucose, choc chips (12%)(sugar, vegetable fat, milk solids, cocoa, emulsifiers [soy lecithin, 476], stabiliser [492)], fructose, sugar, vegetable oil (antioxidant [tocopherols]), glucose solids, invert syrup, humectant (glycerol), salt, gelatin, natural flavour, emulsifiers (canola lecithin, 472e, 472a), barley malt extract, antioxidant (rosemary extract), milk solids.
Contains:
Contains cereals containing gluten, milk and soy. May contain traces of peanuts and/or tree nuts.
Allergen:
May Be Present Tree Nuts, May Be Present Peanuts, Contains Soy, Contains Milk, Contains Cereals Containing Gluten
Servings Per Pack:
6.0
Usage Instructions:
To open: Slide finger under tab and break seal left to right. Tear side of each flap along perforated lines and fold back.
Size:
132g
Code: 6920908P
6 9 2 0 9 0 8 P
Customers also purchased
Kellogg's LCMs Kaleidos Puffed Rice Snack Bars 6 pack 132g on special
Kellogg's LCMs Kaleidos Puffed Rice Snack Bars 6 pack
132g on special
$4.00
save
$1.00
132g $3.03 per 100G
Unit Price
5more sizes and varieties
of Kellogg's LCMs Kaleidos Puffed Rice Snack Bars 6 pack 132g on special
Add
1
for $4.00

Kellogg's LCMs Yoghurty Split Stix Puffed Rice Snack Bars 6 pack 138g on special
Kellogg's LCMs Yoghurty Split Stix Puffed Rice Snack Bars 6 pack
138g on special
$4.00
save
$1.00
138g $2.90 per 100G
Unit Price
5more sizes and varieties
of Kellogg's LCMs Yoghurty Split Stix Puffed Rice Snack Bars 6 pack 138g on special
Add
1
for $4.00

Kellogg's LCMs Coco Pops Chocolatey Puffed Rice Snack Bars 6 pack 132g on special
Kellogg's LCMs Coco Pops Chocolatey Puffed Rice Snack Bars 6 pack
132g on special
$4.00
save
$1.00
132g $3.03 per 100G
Unit Price
4more varieties
of Kellogg's LCMs Coco Pops Chocolatey Puffed Rice Snack Bars 6 pack 132g on special
Add
1
for $4.00

Kellogg's LCMs Unicorn Puffed Rice Snack Bars 6 pack 132g on special
Kellogg's LCMs Unicorn Puffed Rice Snack Bars 6 pack
132g on special
$4.00
save
$1.00
132g $3.03 per 100G
Unit Price
4more varieties
of Kellogg's LCMs Unicorn Puffed Rice Snack Bars 6 pack 132g on special
Add
1
for $4.00"	['/wcsstore/Coles-CAS/images/6/9/2/6920908-th.jpg', '/wcsstore/Coles-CAS/images/6/9/2/6920908_L-th.jpg', '/wcsstore/Coles-CAS/images/6/9/2/6920908_R-th.jpg', '/wcsstore/Coles-CAS/images/6/9/2/6920908_B-th.jpg']
Nice & Natural	Roasted Cashew Milk Chocolate Peanut Bars 6 Pack	$ 2 .50	192g	$1.30 per 100G	"Disclaimer:
Product details, including nutritional information and country of origin, may change from time to time and so the product you receive in your order may not reflect the information on this page. Please check the packaging on any product you purchase and if it's not what you expected, feel free to return it for a full refund.
Details
Country of Origin:
Made in New Zealand from Imported and Local Ingredients
Dimensions:
125 x 35 x 170mm
Size:
192g
Code: 2605873P
2 6 0 5 8 7 3 P
Customers also purchased
Nice & Natural Trail Mix Nut Bars 192g on special
Nice & Natural Trail Mix Nut Bars
192g on special
$2.50
save
$2.50
192g $1.30 per 100G
Unit Price
Add
1
for $2.50

Nice & Natural Chocolate Peanut & Almond Nut Bars 180g on special
Nice & Natural Chocolate Peanut & Almond Nut Bars
180g on special
$2.50
save
$2.50
180g $1.39 per 100G
Unit Price
Add
1
for $2.50

Nice & Natural Real Milk Chocolate Roasted Nut Bars 6 pack 192g on special
Nice & Natural Real Milk Chocolate Roasted Nut Bars 6 pack
192g on special
$2.50
save
$2.50
192g $1.30 per 100G
Unit Price
Add
1
for $2.50

Nice & Natural Mixed Berry Roasted Nut Bars 6 pack 192g on special
Nice & Natural Mixed Berry Roasted Nut Bars 6 pack
192g on special
$2.50
save
$2.50
192g $1.30 per 100G
Unit Price
Add
1
for $2.50"	['/wcsstore/Coles-CAS/images/2/6/0/2605873-th.jpg', '/wcsstore/Coles-CAS/images/2/6/0/2605873_L-th.jpg', '/wcsstore/Coles-CAS/images/2/6/0/2605873_R-th.jpg', '/wcsstore/Coles-CAS/images/2/6/0/2605873_B-th.jpg']
Carman's	Aussie Oat Muesli Bars Brownie with Choc 6 Pack	$ 5 .50	180g	$3.06 per 100G	"Nutrition Facts
Serving size: 1 serving = 30g
Qty
Quantity
per serving Qty
Quantity
per 100g / 100ml %
Percentage
daily intake*
Energy 468kJ 1560kJ
Not provided
Energy Cal 112kcal 373kcal
Not provided
Protein 2.9g 9.8g
Not provided
Total Fat 3.4g 11.4g
Not provided
Saturated Fat 1.1g 3.7g
Not provided
Carbohydrate 15.2g 50.6g
Not provided
Sugars 2.3g 7.7g
Not provided
Dietary Fibre Total 4.4g 14.6g
Not provided
Sodium 16mg 53mg
Not provided
*Percentage Daily Intake per serving. Percentage Daily Intakes are based on an average adult diet of 8700 kJ. Your daily intakes may be higher or lower depending on your energy needs.
Disclaimer:
Product details, including nutritional information and country of origin, may change from time to time and so the product you receive in your order may not reflect the information on this page. Please check the packaging on any product you purchase and if it's not what you expected, feel free to return it for a full refund.
Details
Ingredients:
Whole Grain Oats 54%, Glucose, Chicory Fibre, Dark Choc Compound 6% (Vegetable Oil, Sugar, Milk Protein, Cocoa Powder, Emulsifier [Soy Lecithin, Sunflower Lecithin], Natural Flavour), Puffed Rice, Sunflower Oil, Golden Syrup, Cocoa Powder, Linseeds, Natural Flavour, Humectant (Glycerin [Plant Derived]).
Contains:
Gluten (Oats), Milk Products and Soy.
Allergen:
May Be Present Sesame, May Be Present Tree Nuts, May Be Present Peanuts, Contains Gluten, Contains Soy, Contains Milk, Contains Oats, May Be Present Lupin
Dietary:
No Artificial Flavours or Colours
Servings Per Pack:
6.0
Storage Instructions:
Store in a cool, dry place out of direct sunlight so these bars stay fresh.
Suitable for:
Kosher, Halal.
Usage Instructions:
Lift tab gently to open.
Size:
180g NET
Warning:
We have not added any nuts to this recipe, however, we do share equipment with other products that contain nuts.
Code: 3786897P
3 7 8 6 8 9 7 P
Customers also purchased
Carman's Original Fruit Free Muesli Bars 540g everyday product
Carman's Original Fruit Free Muesli Bars
540g everyday product
$10.00
540g $1.85 per 100G
Unit Price
Add
1
for $10.00

Carman's Dark Choc Cherry & Coconut Bars 6 pack 210g
Carman's Dark Choc Cherry & Coconut Bars 6 pack
210g
$6.50
210g $3.10 per 100G
Unit Price
Add
1
for $6.50

Carman's Aussie Oat Muesli Bars Apple Pie & Custard 6 Pack 180g
Carman's Aussie Oat Muesli Bars Apple Pie & Custard 6 Pack
180g
$5.50
180g $3.06 per 100G
Unit Price
Add
1
for $5.50

Carmans Oat Slices Belgian Chocolate 5 Pack 175g
Carmans Oat Slices Belgian Chocolate 5 Pack
175g
$4.90
Until 11 Apr 2023
Was $5.50 Jan 2023
175g $2.80 per 100G
Unit Price
Add
1
for $4.90"	['/wcsstore/Coles-CAS/images/3/7/8/3786897-th.jpg', '/wcsstore/Coles-CAS/images/3/7/8/3786897_L-th.jpg', '/wcsstore/Coles-CAS/images/3/7/8/3786897_R-th.jpg', '/wcsstore/Coles-CAS/images/3/7/8/3786897_B-th.jpg']
Uncle Tobys	Yoghurt Muesli Bars Honeycomb 6 Pack	$ 5 .00	185g	$2.70 per 100G	"Nutrition Facts
Serving size: 1 serving = 31.3g
Qty
Quantity
per serving Qty
Quantity
per 100g / 100ml %
Percentage
daily intake*
Energy 520kJ 1650kJ 6%
Protein 2.1g 6.8g 4%
Total Fat 3.8g 12.2g 5%
Saturated Fat 1.5g 4.7g 6%
Carbohydrate 18.5g 59g 6%
Sugars 5.2g 16.5g 6%
Dietary Fibre Total 3.4g 11g 11%
Sodium 6mg 18mg 0.30%
*Percentage Daily Intake per serving. Percentage Daily Intakes are based on an average adult diet of 8700 kJ. Your daily intakes may be higher or lower depending on your energy needs.
Disclaimer:
Product details, including nutritional information and country of origin, may change from time to time and so the product you receive in your order may not reflect the information on this page. Please check the packaging on any product you purchase and if it's not what you expected, feel free to return it for a full refund.
Details
Ingredients:
Muesli Blend: [Uncle Tobys Rolled Oats (34%), Wheat (11%), Breakfast Cereal (Whole Grain Wheat (5%), W Heat Flour, Wheat Bran, Sugar, Vitamin E), Coconut, Milk Powder], Glucose, Yoghurt Compound ( Milk ) [Sugar, Vegetable Fat, Yoghurt Powder (1.3%), Whey Powder, Emulsifiers ( Soy Lecithin, 492), Food Acid (Citric)], Chicory Root Fibre, Sunflower Oil, Sugar, Humectant (Glycerine), Modified Starch (1412), Invert Sugar, Honey (0.8%), Natural Flavour, Emulsifier ( Soy Lecithin) Contains Gluten, Wheat, Milk, Soy May Contain Rye, Barley, Lupin Suitable for Vegetarians
Allergen:
May Contain Barley, Contains Soybean, May Contain Rye, May Contain Lupin, Contains Wheat, Contains Milk, Contains Oats, Contains Cereals
Servings Per Pack:
6.0
Storage Instructions:
Store in A Cool Dry Place
Dimensions:
146 x 146 x 35mm
Size:
185g
Preparation Instructions:
Lift Tab for Goodness
Code: 4974950P
4 9 7 4 9 5 0 P
Customers also purchased
Uncle Tobys Chewy Apricot Wholegrain Oats Bars 6 Pack 185g
Uncle Tobys Chewy Apricot Wholegrain Oats Bars 6 Pack
185g
$5.00
185g $2.70 per 100G
Unit Price
4.3 (68)
4.3 out of 5 stars from 68 ratings received
6more varieties
of Uncle Tobys Chewy Apricot Wholegrain Oats Bars 6 Pack 185g
Add
1
for $5.00

Uncle Tobys Yoghurt Muesli Bars Strawberry 6 Pack 185g
Uncle Tobys Yoghurt Muesli Bars Strawberry 6 Pack
185g
$5.00
185g $2.70 per 100G
Unit Price
4.5 (61)
4.5 out of 5 stars from 61 ratings received
Add
1
for $5.00

Uncle Tobys Mango And Passionfruit Yoghurt Muesli Bars 185g
Uncle Tobys Mango And Passionfruit Yoghurt Muesli Bars
185g
$5.00
185g $2.70 per 100G
Unit Price
7more sizes and varieties
of Uncle Tobys Mango And Passionfruit Yoghurt Muesli Bars 185g
Add
1
for $5.00"	['/wcsstore/Coles-CAS/images/4/9/7/4974950-th.jpg', '/wcsstore/Coles-CAS/images/4/9/7/4974950_L-th.jpg', '/wcsstore/Coles-CAS/images/4/9/7/4974950_R-th.jpg', '/wcsstore/Coles-CAS/images/4/9/7/4974950_B-th.jpg']
Nice & Natural	Peanut Butter With Real Milk Chocolate 5 Bars	$ 6 .00	175g	$3.43 per 100G	"Disclaimer:
Product details, including nutritional information and country of origin, may change from time to time and so the product you receive in your order may not reflect the information on this page. Please check the packaging on any product you purchase and if it's not what you expected, feel free to return it for a full refund.
Details
Country of Origin:
Made in New Zealand
Dimensions:
125 x 35 x 170mm
Size:
175g
Code: 3618280P
3 6 1 8 2 8 0 P"	['/wcsstore/Coles-CAS/images/3/6/1/3618280-th.jpg', '/wcsstore/Coles-CAS/images/3/6/1/3618280_L-th.jpg', '/wcsstore/Coles-CAS/images/3/6/1/3618280_R-th.jpg', '/wcsstore/Coles-CAS/images/3/6/1/3618280_B-th.jpg']
Coles	Cheddar Snack Pack	$ 3 .40	132g	$2.58 per 100G	"Nutrition Facts
Serving size: 1 serving = 22g
Qty
Quantity
per serving Qty
Quantity
per 100g / 100ml %
Percentage
daily intake*
Energy 368.46 1674.80
Not provided
Energy Cal 88.15 400.67
Not provided
Protein 2.53 11.50
Not provided
Total Fat 5.39 24.50
Not provided
Saturated Fat 3.19 14.50
Not provided
Trans 0.00 0.00
Not provided
Polyunsaturated 0.55 2.50
Not provided
Mono Unsaturated 1.65 7.50
Not provided
Carbohydrate 7.22 32.80
Not provided
Sugars 1.12 5.10
Not provided
Dietary Fibre Total 0.42 1.90
Not provided
Sodium 174.24 792.00
Not provided
*Percentage Daily Intake per serving. Percentage Daily Intakes are based on an average adult diet of 8700 kJ. Your daily intakes may be higher or lower depending on your energy needs.
Disclaimer:
Product details, including nutritional information and country of origin, may change from time to time and so the product you receive in your order may not reflect the information on this page. Please check the packaging on any product you purchase and if it's not what you expected, feel free to return it for a full refund.
Details
Ingredients:
INGREDIENTS: Cheese Spread (54.5%) [Cheddar Cheese (28%) (Milk, Salt, Starter Culture), Water, Margarine [Vegetable Oils (Palm, Palm Kernel, Canola), Water, Salt, Non Fat Milk Solids, Emulsifier (322 from Soy, 471), Antioxidants (304, 307b)], Whey Powder (from Milk), Emulsifying Salt (339, 452), Preservative (234)]. Crispbread (45.5%) [Wheat Flour, Palm Oil (Antioxidant (307, 307b)), Wholemeal Wheat Flour, Sugar, Wheat Bran, Inverted Sugar Syrup, Salt, Raising Agents (500, 503), Wheat Germ].
Allergen:
Contains SOY, Contains MILK, Contains Gluten, Contains Wheat
Servings Per Pack:
6.0
Storage Instructions:
Store in a cool, dry place
Code: 5895736P
5 8 9 5 7 3 6 P
Customers also purchased
Coles Snack Pack French Onion 132g
Coles Snack Pack French Onion
132g
$3.40
Until 02 May 2023
132g $2.58 per 100G
Unit Price
Add
1
for $3.40

Coles Cheese Spread & Crispbread Snacks 12 Pack 300g
Coles Cheese Spread & Crispbread Snacks 12 Pack
300g
$4.50
Until 02 May 2023
300g $1.50 per 100G
Unit Price
Add
1
for $4.50

Uncle Tobys Le Snak Tasty Cheese 6 Pack 132g
Uncle Tobys Le Snak Tasty Cheese 6 Pack
132g
$5.00
132g $3.79 per 100G
Unit Price
4.4 (63)
4.4 out of 5 stars from 63 ratings received
Add
1
for $5.00

Uncle Tobys Le Snak Cheddar Cheese 132g
Uncle Tobys Le Snak Cheddar Cheese
132g
$5.00
132g $3.79 per 100G
Unit Price
4.6 (17)
4.6 out of 5 stars from 17 ratings received
Add
1
for $5.00"	['/wcsstore/Coles-CAS/images/5/8/9/5895736-th.jpg', '/wcsstore/Coles-CAS/images/5/8/9/5895736_L-th.jpg']
Nature Valley	Peanut & Chocolate Protein Bar	$ 5 .00	160g	$3.13 per 100G	"Nutrition Facts
Serving size: 1 serving = 40g
Qty
Quantity
per serving Qty
Quantity
per 100g / 100ml %
Percentage
daily intake*
Energy 819kJ 2050kJ 9%
Protein 10.2g 25.6g 20%
Total Fat 12g 30.1g 17%
Saturated Fat 3.5g 8.8g 15%
Carbohydrate 9.2g 22.9g 3%
Sugars 6.2g 15.4g 7%
Dietary Fibre Total 5.4g 13.6g 18%
Sodium 152mg 381mg 7%
Gluten Undetected Undetected
Not provided
*Percentage Daily Intake per serving. Percentage Daily Intakes are based on an average adult diet of 8700 kJ. Your daily intakes may be higher or lower depending on your energy needs.
Disclaimer:
Product details, including nutritional information and country of origin, may change from time to time and so the product you receive in your order may not reflect the information on this page. Please check the packaging on any product you purchase and if it's not what you expected, feel free to return it for a full refund.
Details
Country of Origin:
Made in Spain
Ingredients:
Roasted Peanuts (39%), Chicory Root Extract, Isolated Soy Protein, Dark Chocolate Chips (8%) (Sugar, Cocoa Mass, Cocoa Butter, Emulsifier (Soy Lecithin)), Vegetable Oil, Sugar, Whey Solids, Fructose, Glucose Syrup, Peanut Butter (2%), Fat-Reduced Cocoa Powder, Humectant (Glycerin), Tapioca Starch, Emulsifiers (Sunflower Lecithin, Soy Lecithin), Salt, Flavours (contains Milk), Maize Maltodextrin, Dark Chocolate contains 42% Cocoa Solids
Allergen:
Contains Soybean, Free From Gluten, May Contain Tree Nuts, Contains Peanuts, Contains Milk
Dietary:
No Preservatives
Servings Per Pack:
4.0
Dimensions:
137 x 187.5 x 26mm
Usage Instructions:
Servings per package: 4, Serving size: 40g (1 bar)
Size:
160g
Code: 2827139P
2 8 2 7 1 3 9 P
Customers also purchased
Carman's Cookies & Cream Protein Bars 5 Pack 200g
Carman's Cookies & Cream Protein Bars 5 Pack
200g
$6.90
200g $3.45 per 100G
Unit Price
Add
1
for $6.90

Coles Caramel Fudge Protein Bar 5 Pack 190g everyday product
Coles Caramel Fudge Protein Bar 5 Pack
190g everyday product
$4.00
190g $2.11 per 100G
Unit Price
Add
1
for $4.00

Carmans Protein Bars Double Dark Choc 400g
Carmans Protein Bars Double Dark Choc
400g
$11.00
Until 02 May 2023
400g $2.75 per 100G
Unit Price
Add
1
for $11.00"	['/wcsstore/Coles-CAS/images/2/8/2/2827139-th.jpg', '/wcsstore/Coles-CAS/images/2/8/2/2827139_L-th.jpg', '/wcsstore/Coles-CAS/images/2/8/2/2827139_B-th.jpg']
Kellogg's	LCMs Unicorn Puffed Rice Snack Bars 6 pack	$ 4 .00	132g	$3.03 per 100G	"Nutrition Facts
Serving size: 1 serving = 22g
Qty
Quantity
per serving Qty
Quantity
per 100g / 100ml %
Percentage
daily intake*
Energy 380kJ 1720kJ 4%
Protein 0.7g 3.2g 1%
Total Fat 1.9g 8.5g 3%
Saturated Fat 0.5g 2.5g 2%
Carbohydrate 17.4g 78.9g 6%
Sugars 7.8g 35.4g 9%
Dietary Fibre Total 0.2g 0.7g 0.5%
Sodium 66mg 300mg 3%
*Percentage Daily Intake per serving. Percentage Daily Intakes are based on an average adult diet of 8700 kJ. Your daily intakes may be higher or lower depending on your energy needs.
Disclaimer:
Product details, including nutritional information and country of origin, may change from time to time and so the product you receive in your order may not reflect the information on this page. Please check the packaging on any product you purchase and if it's not what you expected, feel free to return it for a full refund.
Details
Country of Origin:
Made in Thailand
Ingredients:
White rice (37%), glucose, fructose, sugar, vegetable oil (antioxidant [tocopherols (soy)]), glucose solids, unicorn sprinkles (5%)(sugar, rice flour, vegetable fat, thickener (413), natural colour (120,163,171), spirulina & apple concentrate), invert syrup, humectant (glycerol), salt, gelatin, natural flavour, emulsifiers (canola lecithin, 472e, 472a), barley malt extract, antioxidant (rosemary extract), milk solids.
Contains:
Contains cereals containing gluten, milk and soy.May contain traces of peanuts and/or tree nuts.
Allergen:
May Be Present Tree Nuts, May Be Present Peanuts, Contains Soy, Contains Milk, Contains Cereals Containing Gluten
Servings Per Pack:
6.0
Usage Instructions:
To open: Slide finger under tab and break seal left to right. Tear side of each flap along perforated lines and fold back.
Size:
132g
Code: 3390499P
3 3 9 0 4 9 9 P
Customers also purchased
Kellogg's LCMs Kaleidos Puffed Rice Snack Bars 6 pack 132g on special
Kellogg's LCMs Kaleidos Puffed Rice Snack Bars 6 pack
132g on special
$4.00
save
$1.00
132g $3.03 per 100G
Unit Price
5more sizes and varieties
of Kellogg's LCMs Kaleidos Puffed Rice Snack Bars 6 pack 132g on special
Add
1
for $4.00

Kellogg's LCMs Choc Chip Puffed Rice Snack Bars 6 pack 132g on special
Kellogg's LCMs Choc Chip Puffed Rice Snack Bars 6 pack
132g on special
$4.00
save
$1.00
132g $3.03 per 100G
Unit Price
5more sizes and varieties
of Kellogg's LCMs Choc Chip Puffed Rice Snack Bars 6 pack 132g on special
Add
1
for $4.00

Kellogg's LCMs Yoghurty Split Stix Puffed Rice Snack Bars 6 pack 138g on special
Kellogg's LCMs Yoghurty Split Stix Puffed Rice Snack Bars 6 pack
138g on special
$4.00
save
$1.00
138g $2.90 per 100G
Unit Price
5more sizes and varieties
of Kellogg's LCMs Yoghurty Split Stix Puffed Rice Snack Bars 6 pack 138g on special
Add
1
for $4.00"	['/wcsstore/Coles-CAS/images/3/3/9/3390499-th.jpg', '/wcsstore/Coles-CAS/images/3/3/9/3390499_L-th.jpg', '/wcsstore/Coles-CAS/images/3/3/9/3390499_R-th.jpg', '/wcsstore/Coles-CAS/images/3/3/9/3390499_B-th.jpg']
Carman's	Almond Hazelnut & Vanilla Nut Bar	$ 6 .50	175g	$3.71 per 100G	"Nutrition Facts
Serving size: 1 serving = 35g
Qty
Quantity
per serving Qty
Quantity
per 100g / 100ml %
Percentage
daily intake*
Energy 781kJ 2230kJ
Not provided
Energy Cal 187kcal 533kcal
Not provided
Protein 6.6g 18.9g
Not provided
Total Fat 12.8g 36.7g
Not provided
Saturated Fat 1.4g 3.9g
Not provided
Carbohydrate 9.7g 27.6g
Not provided
Sugars 4.6g 13.0g
Not provided
Dietary Fibre Total 3.7g 10.5g
Not provided
Sodium 3mg 8mg
Not provided
Gluten Not detected Not detected
Not provided
*Percentage Daily Intake per serving. Percentage Daily Intakes are based on an average adult diet of 8700 kJ. Your daily intakes may be higher or lower depending on your energy needs.
Disclaimer:
Product details, including nutritional information and country of origin, may change from time to time and so the product you receive in your order may not reflect the information on this page. Please check the packaging on any product you purchase and if it's not what you expected, feel free to return it for a full refund.
Details
Ingredients:
(GM free) Nuts 62% (Peanuts, Almonds 24%, Hazelnuts 2.6%), Glucose, Pepitas 8%, Honey 6%, Brown Rice Syrup, Puffed Rice, Psyllium Husks, Cinnamon, Natural Vanilla Flavour.
Contains:
Peanuts, Almonds and Hazelnuts.
Allergen:
May Be Present Milk, May Be Present Sesame, May Be Present Soy, Contains Hazelnuts, Contains Tree Nuts, Contains Peanuts
Dietary:
No Artificial Flavours or Colours
Servings Per Pack:
5.0
Storage Instructions:
Store in a cool, dry place out of direct sunlight so these bars stay fresh.
Suitable for:
Kosher and Halal.
Usage Instructions:
Lift tab gently to open.
Size:
5 Pack 175g
Warning:
Our bars include natural ingredients and whilst every effort has been made to remove all nut shells and stones, the occasional one may be found.
Code: 1018373P
1 0 1 8 3 7 3 P
Customers also purchased
Carman's Almond Cashew & Cranberry Nut Bars 175g
Carman's Almond Cashew & Cranberry Nut Bars
175g
$6.50
175g $3.71 per 100G
Unit Price
Add
1
for $6.50

Carman's Dark Choc Espresso Nut Bar 5 pack 160g
Carman's Dark Choc Espresso Nut Bar 5 pack
160g
$6.50
160g $4.06 per 100G
Unit Price
Add
1
for $6.50

Carman's Greek Style Yoghurt & Blueberry Nut Bars 5 pack 160g
Carman's Greek Style Yoghurt & Blueberry Nut Bars 5 pack
160g
$6.50
160g $4.06 per 100G
Unit Price
Add
1
for $6.50

Nature Valley Crunchy Oats & Honey 6 Twin Bars 252g
Nature Valley Crunchy Oats & Honey 6 Twin Bars
252g
$6.50
252g $2.58 per 100G
Unit Price
Add
1
for $6.50"	['/wcsstore/Coles-CAS/images/1/0/1/1018373-th.jpg', '/wcsstore/Coles-CAS/images/1/0/1/1018373_L-th.jpg', '/wcsstore/Coles-CAS/images/1/0/1/1018373_R-th.jpg', '/wcsstore/Coles-CAS/images/1/0/1/1018373_B-th.jpg']
Carman's	Almond Cashew & Cranberry Nut Bars	$ 6 .50	175g	$3.71 per 100G	"Nutrition Facts
Serving size: 1 serving = 35g
Qty
Quantity
per serving Qty
Quantity
per 100g / 100ml %
Percentage
daily intake*
Energy 711kJ 2030kJ
Not provided
Energy Cal 170kcal 485kcal
Not provided
Protein 4.5g 12.9g
Not provided
Total Fat 10.2g 29.2g
Not provided
Saturated Fat 1.3g 3.8g
Not provided
Carbohydrate 14.0g 39.9g
Not provided
Sugars 7.7g 22.0g
Not provided
Dietary Fibre Total 2.5g 7.0g
Not provided
Sodium 7mg 21mg
Not provided
Gluten Not detected Not detected
Not provided
*Percentage Daily Intake per serving. Percentage Daily Intakes are based on an average adult diet of 8700 kJ. Your daily intakes may be higher or lower depending on your energy needs.
Disclaimer:
Product details, including nutritional information and country of origin, may change from time to time and so the product you receive in your order may not reflect the information on this page. Please check the packaging on any product you purchase and if it's not what you expected, feel free to return it for a full refund.
Details
Ingredients:
Nuts 42% (Peanuts, Almonds 15%, Cashews 8%), Seeds 14% (Pepitas, Sunflower, Sesame), Cranberries 13%, (Cranberries, Sugar, Sunflower Oil), Glucose, Golden Syrup, Brown Rice Syrup, Puffed Rice, Psyllium Husks, Apple, Cinnamon, Natural Flavour.
Contains:
Peanuts, Almonds, Cashews and Sesame.
Allergen:
May Be Present Milk, Contains Sesame, May Be Present Soy, Contains Tree Nuts, Contains Peanuts
Dietary:
No Artificial Flavours or Colours
Servings Per Pack:
5.0
Storage Instructions:
Store in a cool, dry place out of direct sunlight so these bars stay fresh.
Suitable for:
Suitable for a vegan diet. Kosher, Halal.
Usage Instructions:
Lift tab gently to open.
Size:
175g NET
Warning:
Our bars include natural ingredients and whilst every effort has been made to remove all nut shells and stones, the occasional one may be found.
Code: 1018362P
1 0 1 8 3 6 2 P
Customers also purchased
Carman's Almond Hazelnut & Vanilla Nut Bar 175g
Carman's Almond Hazelnut & Vanilla Nut Bar
175g
$6.50
175g $3.71 per 100G
Unit Price
Add
1
for $6.50

Carman's Dark Choc Espresso Nut Bar 5 pack 160g
Carman's Dark Choc Espresso Nut Bar 5 pack
160g
$6.50
160g $4.06 per 100G
Unit Price
Add
1
for $6.50

Carman's Greek Style Yoghurt & Blueberry Nut Bars 5 pack 160g
Carman's Greek Style Yoghurt & Blueberry Nut Bars 5 pack
160g
$6.50
160g $4.06 per 100G
Unit Price
Add
1
for $6.50

Nature Valley Salted Caramel Protein Bar 160g
Nature Valley Salted Caramel Protein Bar
160g
$5.00
Until 02 May 2023
Was $6.50 Jan 2023
160g $3.13 per 100G
Unit Price
Add
1
for $5.00"	['/wcsstore/Coles-CAS/images/1/0/1/1018362-th.jpg', '/wcsstore/Coles-CAS/images/1/0/1/1018362_L-th.jpg', '/wcsstore/Coles-CAS/images/1/0/1/1018362_R-th.jpg', '/wcsstore/Coles-CAS/images/1/0/1/1018362_B-th.jpg']
Nature Valley	Salted Caramel Protein Bar	$ 5 .00	160g	$3.13 per 100G	"Nutrition Facts
Serving size: 1 serving = 40g
Qty
Quantity
per serving Qty
Quantity
per 100g / 100ml %
Percentage
daily intake*
Energy 828kJ 2070kJ 10%
Protein 10g 25g 20%
Total Fat 12.4g 31.1g 18%
Saturated Fat 3g 7.6g 13%
Carbohydrate 9g 22.5g 3%
Sugars 6g 14.9g 7%
Dietary Fibre Total 5.5g 13.7g 18%
Sodium 180mg 451mg 8%
*Percentage Daily Intake per serving. Percentage Daily Intakes are based on an average adult diet of 8700 kJ. Your daily intakes may be higher or lower depending on your energy needs.
Disclaimer:
Product details, including nutritional information and country of origin, may change from time to time and so the product you receive in your order may not reflect the information on this page. Please check the packaging on any product you purchase and if it's not what you expected, feel free to return it for a full refund.
Details
Country of Origin:
Made in Spain
Ingredients:
Roasted Peanuts, Chicory Root Extract, Isolated Soy Protein, Almonds, Vegetable Oil, Glucose Syrup, Milk Solids, Sugar, Fructose, Maltodextrin, Tapioca Starch, Humectant (Glycerin), Salt, Caramel Powder, Emulsifiers (Sunflower Lecithin, Soy Lecithin), Natural Flavours
Allergen:
Contains Soybean, Contains Almonds, May Contain Tree Nuts, Contains Peanuts, Contains Milk
Dietary:
No Preservatives
Servings Per Pack:
4.0
Dimensions:
137 x 187.5 x 26mm
Usage Instructions:
Servings per package: 4, Serving size: 40g (1 bar)
Size:
160g
Code: 3022010P
3 0 2 2 0 1 0 P
Customers also purchased
Carman's Almond Cashew & Cranberry Nut Bars 175g
Carman's Almond Cashew & Cranberry Nut Bars
175g
$6.50
175g $3.71 per 100G
Unit Price
Add
1
for $6.50

Nature Valley Crunchy Variety 6 Twin Bars 252g
Nature Valley Crunchy Variety 6 Twin Bars
252g
$6.50
252g $2.58 per 100G
Unit Price
Add
1
for $6.50

Nice & Natural Peanut Butter With Real Milk Chocolate 5 Bars 175g
Nice & Natural Peanut Butter With Real Milk Chocolate 5 Bars
175g
$6.00
175g $3.43 per 100G
Unit Price
Add
1
for $6.00

Carmans Protein Bakes Salted Caramel 5 Pack 175g
Carmans Protein Bakes Salted Caramel 5 Pack
175g
$6.90
175g $3.94 per 100G
Unit Price
Add
1
for $6.90"	['/wcsstore/Coles-CAS/images/3/0/2/3022010-th.jpg', '/wcsstore/Coles-CAS/images/3/0/2/3022010_L-th.jpg', '/wcsstore/Coles-CAS/images/3/0/2/3022010_R-th.jpg', '/wcsstore/Coles-CAS/images/3/0/2/3022010_B-th.jpg']
Sistema	To Go Mini Bites	$ 7 .00	3 pack	$2.33 per 1Ea	"Disclaimer:
Product details, including nutritional information and country of origin, may change from time to time and so the product you receive in your order may not reflect the information on this page. Please check the packaging on any product you purchase and if it's not what you expected, feel free to return it for a full refund.
Code: 2372640P
2 3 7 2 6 4 0 P
Customers also purchased
Decor Go Dressing Tubs 35mL 6 pack
Decor Go Dressing Tubs 35mL
6 pack
$5.50
6 pack $0.92 per 1Ea
Unit Price
Add
1
for $5.50

Sistema To Go 2 Yoghurt Pots 1 pack
Sistema To Go 2 Yoghurt Pots
1 pack
$7.00
1 pack $7.00 per 1Ea
Unit Price
Image is an example only. Colour & Design of the product may vary.
Add
1
for $7.00

Sistema To Go Portion Pod 2 Pack
Sistema To Go Portion Pod
2 Pack
$8.00
2 Pack $4.00 per 1Ea
Unit Price
Add
1
for $8.00

Sistema Klip It Plus Rectangle Container 400mL on special thirty percent off
Sistema Klip It Plus Rectangle Container 400mL
on special thirty percent off
regular price
$2.45 ea
each
save
$1.05
$2.45 per 1Ea
Unit Price
Add
1
for $2.45"	[]
Sistema	To Go Portion Pod	$ 8 .00	2 Pack	$4.00 per 1Ea	"Disclaimer:
Product details, including nutritional information and country of origin, may change from time to time and so the product you receive in your order may not reflect the information on this page. Please check the packaging on any product you purchase and if it's not what you expected, feel free to return it for a full refund.
Details
Dimensions:
120 x 91 x 91mm
Code: 3223442P
3 2 2 3 4 4 2 P
Customers also purchased
Sistema To Go Maxi Fold Up Lunch Cooler
Sistema To Go Maxi Fold Up Lunch Cooler
$11.50
$11.50 per 1Ea
Unit Price
Add
1
for $11.50

Decor Match Ups Container 200mL
Decor Match Ups Container 200mL
$3.50
$3.50 per 1Ea
Unit Price
Add
1
for $3.50

Sistema To Go Mini Bites 3 pack
Sistema To Go Mini Bites
3 pack
$7.00
3 pack $2.33 per 1Ea
Unit Price
Image is an example only. Colour & Design of product may vary.
Add
1
for $7.00

Decor Microsafe Containers 5 pack
Decor Microsafe Containers
5 pack
$19.75
5 pack $3.95 per 1Ea
Unit Price
Add
1
for $19.75"	[]
Sistema	Hydrate Active Bottle	$ 14 .00	800mL	$1.75 per 100mL	"Disclaimer:
Product details, including nutritional information and country of origin, may change from time to time and so the product you receive in your order may not reflect the information on this page. Please check the packaging on any product you purchase and if it's not what you expected, feel free to return it for a full refund.
Details
Dimensions:
210 x 77 x 77mm
Code: 2817146P
2 8 1 7 1 4 6 P
Customers also purchased
Decor Vent & Seal Leak Proof Glass Container 1.5L
Decor Vent & Seal Leak Proof Glass Container 1.5L
$16.00
$16.00 per 1Ea
Unit Price
Add
1
for $16.00

Decor Vent & Seal Leak Proof Glass Container 750mL
Decor Vent & Seal Leak Proof Glass Container 750mL
$12.00
$12.00 per 1Ea
Unit Price
Add
1
for $12.00

Sistema Hydrate Tritan Quick Flip Bottle 800mL
Sistema Hydrate Tritan Quick Flip Bottle
800mL
$13.25
800mL $1.66 per 100mL
Unit Price
Add
1
for $13.25

Decor Vent & Seal Leak Proof Glass Container 1.5L
Decor Vent & Seal Leak Proof Glass Container 1.5L
$16.00
$16.00 per 1Ea
Unit Price
Add
1
for $16.00"	['/wcsstore/Coles-CAS/images/2/8/1/2817146-th.jpg', '/wcsstore/Coles-CAS/images/2/8/1/2817146_B-th.jpg']
Sistema	To Go 2 Yoghurt Pots	$ 7 .00	1 pack	$7.00 per 1Ea	"Disclaimer:
Product details, including nutritional information and country of origin, may change from time to time and so the product you receive in your order may not reflect the information on this page. Please check the packaging on any product you purchase and if it's not what you expected, feel free to return it for a full refund.
Code: 2010526P
2 0 1 0 5 2 6 P
Customers also purchased
Decor Microsafe Round Container 800mL
Decor Microsafe Round Container 800mL
$6.00
$6.00 per 1Ea
Unit Price
Add
1
for $6.00

Sistema To Go Mini Bites 3 pack
Sistema To Go Mini Bites
3 pack
$7.00
3 pack $2.33 per 1Ea
Unit Price
Image is an example only. Colour & Design of product may vary.
Add
1
for $7.00

Sistema Ultra Container 1.9L
Sistema Ultra Container 1.9L
$17.00
$17.00 per 1Ea
Unit Price
Add
1
for $17.00"	[]
Sistema	Hydrate Gripper Drink Bottle	$ 11 .50	800 mL	$1.44 per 100mL	"Disclaimer:
Product details, including nutritional information and country of origin, may change from time to time and so the product you receive in your order may not reflect the information on this page. Please check the packaging on any product you purchase and if it's not what you expected, feel free to return it for a full refund.
Details
Dimensions:
250 x 75 x 75mm
Code: 2380365P
2 3 8 0 3 6 5 P
Customers also purchased
Decor Vent & Seal Leak Proof Glass Container 1.5L
Decor Vent & Seal Leak Proof Glass Container 1.5L
$16.00
$16.00 per 1Ea
Unit Price
Add
1
for $16.00

Decor Vent & Seal Leak Glass Container 1L
Decor Vent & Seal Leak Glass Container 1L
$12.00
$12.00 per 1Ea
Unit Price
Add
1
for $12.00

Decor Vent & Seal Leak Proof Glass Container 750mL
Decor Vent & Seal Leak Proof Glass Container 750mL
$12.00
$12.00 per 1Ea
Unit Price
Add
1
for $12.00

Sistema Hydrate Tritan Quick Flip Bottle 800mL
Sistema Hydrate Tritan Quick Flip Bottle
800mL
$13.25
800mL $1.66 per 100mL
Unit Price
Add
1
for $13.25"	['/wcsstore/Coles-CAS/images/2/3/8/2380365-th.jpg', '/wcsstore/Coles-CAS/images/2/3/8/2380365_L-th.jpg', '/wcsstore/Coles-CAS/images/2/3/8/2380365_B-th.jpg']
Sistema	Hydrate Square Bottle	$ 8 .00	725 mL	$1.10 per 100mL	"Disclaimer:
Product details, including nutritional information and country of origin, may change from time to time and so the product you receive in your order may not reflect the information on this page. Please check the packaging on any product you purchase and if it's not what you expected, feel free to return it for a full refund.
Details
Dimensions:
217 x 68 x 68mm
Code: 2817190P
2 8 1 7 1 9 0 P
Customers also purchased
Decor Vent & Seal Leak Proof Glass Container 1.5L
Decor Vent & Seal Leak Proof Glass Container 1.5L
$16.00
$16.00 per 1Ea
Unit Price
Add
1
for $16.00

Sistema Hydrate Tritan Quick Flip Bottle 800mL
Sistema Hydrate Tritan Quick Flip Bottle
800mL
$13.25
800mL $1.66 per 100mL
Unit Price
Add
1
for $13.25

Sistema Plus Rectangle Containers 1 Litre 3 pack on special thirty percent off
Sistema Plus Rectangle Containers 1 Litre
3 pack on special thirty percent off
regular price
$9.97 ea
each
save
$4.28
3 pack $3.32 per 1Ea
Unit Price
Add
1
for $9.97

Decor Vent & Seal Leak Proof Glass Container 1.5L
Decor Vent & Seal Leak Proof Glass Container 1.5L
$16.00
$16.00 per 1Ea
Unit Price
Add
1
for $16.00"	[]
Sistema	Double Wall Stainless Steel Bottle	$ 22 .75	500mL	$4.55 per 100mL	"Disclaimer:
Product details, including nutritional information and country of origin, may change from time to time and so the product you receive in your order may not reflect the information on this page. Please check the packaging on any product you purchase and if it's not what you expected, feel free to return it for a full refund.
Details
Dimensions:
235 x 68 x 68mm
Code: 3223410P
3 2 2 3 4 1 0 P
Customers also purchased
Decor Vent & Seal Leak Proof Glass Container 1.5L
Decor Vent & Seal Leak Proof Glass Container 1.5L
$16.00
$16.00 per 1Ea
Unit Price
Add
1
for $16.00

Decor Vent & Seal Leak Glass Container 1L
Decor Vent & Seal Leak Glass Container 1L
$12.00
$12.00 per 1Ea
Unit Price
Add
1
for $12.00

Decor Vent & Seal Leak Proof Glass Container 750mL
Decor Vent & Seal Leak Proof Glass Container 750mL
$12.00
$12.00 per 1Ea
Unit Price
Add
1
for $12.00

Sistema Hydrate Tritan Quick Flip Bottle 800mL
Sistema Hydrate Tritan Quick Flip Bottle
800mL
$13.25
800mL $1.66 per 100mL
Unit Price
Add
1
for $13.25"	[]
Sistema	Hydrate Tritan Quick Flip Bottle	$ 13 .25	800mL	$1.66 per 100mL	"Disclaimer:
Product details, including nutritional information and country of origin, may change from time to time and so the product you receive in your order may not reflect the information on this page. Please check the packaging on any product you purchase and if it's not what you expected, feel free to return it for a full refund.
Details
Dimensions:
236 x 82 x 80mm
Code: 3223034P
3 2 2 3 0 3 4 P"	[]
Sistema	Hydrate Tritan Traverse Bottle	$ 14 .00	850mL	$1.65 per 100mL	"Disclaimer:
Product details, including nutritional information and country of origin, may change from time to time and so the product you receive in your order may not reflect the information on this page. Please check the packaging on any product you purchase and if it's not what you expected, feel free to return it for a full refund.
Code: 3223420P
3 2 2 3 4 2 0 P
Customers also purchased
Decor Vent & Seal Leak Proof Glass Container 1.5L
Decor Vent & Seal Leak Proof Glass Container 1.5L
$16.00
$16.00 per 1Ea
Unit Price
Add
1
for $16.00

Decor Vent & Seal Leak Proof Glass Container 750mL
Decor Vent & Seal Leak Proof Glass Container 750mL
$12.00
$12.00 per 1Ea
Unit Price
Add
1
for $12.00

Sistema Hydrate Tritan Quick Flip Bottle 800mL
Sistema Hydrate Tritan Quick Flip Bottle
800mL
$13.25
800mL $1.66 per 100mL
Unit Price
Add
1
for $13.25

Decor Vent & Seal Leak Proof Glass Container 1.5L
Decor Vent & Seal Leak Proof Glass Container 1.5L
$16.00
$16.00 per 1Ea
Unit Price
Add
1
for $16.00"	[]
Sistema	To Go Snack N Nest	$ 9 .00	3 pack		"Disclaimer:
Product details, including nutritional information and country of origin, may change from time to time and so the product you receive in your order may not reflect the information on this page. Please check the packaging on any product you purchase and if it's not what you expected, feel free to return it for a full refund.
Code: 5286647P
5 2 8 6 6 4 7 P
Customers also purchased
Sistema To Go 2 Yoghurt Pots 1 pack
Sistema To Go 2 Yoghurt Pots
1 pack
$7.00
1 pack $7.00 per 1Ea
Unit Price
Image is an example only. Colour & Design of the product may vary.
Add
1
for $7.00

Sistema To Go Snack Box 400mL
Sistema To Go Snack Box 400mL
$6.00
$6.00 per 1ea
Unit Price
Add
1
for $6.00

Sistema Brilliance Food Storage Container 2L on special thirty percent off
Sistema Brilliance Food Storage Container 2L
on special thirty percent off
regular price
$11.02 ea
each
save
$4.73
$11.02 per 1Ea
Unit Price
Add
1
for $11.02

Sistema Brilliance Food Storage Container 920mL on special thirty percent off
Sistema Brilliance Food Storage Container 920mL
on special thirty percent off
regular price
$8.05 ea
each
save
$3.45
$8.05 per 1Ea
Unit Price
Add
1
for $8.05"	['/wcsstore/Coles-CAS/images/5/2/8/5286647-th.jpg', '/wcsstore/Coles-CAS/images/5/2/8/5286647_L-th.jpg', '/wcsstore/Coles-CAS/images/5/2/8/5286647_B-th.jpg']
Ikina	Glass Bottle With Silicone Sleeve	$ 7 .50	600mL	$12.50 per 1L	"Disclaimer:
Product details, including nutritional information and country of origin, may change from time to time and so the product you receive in your order may not reflect the information on this page. Please check the packaging on any product you purchase and if it's not what you expected, feel free to return it for a full refund.
Code: 3784723P
3 7 8 4 7 2 3 P"	['/wcsstore/Coles-CAS/images/3/7/8/3784723-th.jpg', '/wcsstore/Coles-CAS/images/3/7/8/3784723_L-th.jpg', '/wcsstore/Coles-CAS/images/3/7/8/3784723_B-th.jpg']
Sistema	Hydrate Tritan Adventum Bottle	$ 16 .00	900mL	$1.78 per 100mL	"Disclaimer:
Product details, including nutritional information and country of origin, may change from time to time and so the product you receive in your order may not reflect the information on this page. Please check the packaging on any product you purchase and if it's not what you expected, feel free to return it for a full refund.
Details
Dimensions:
280 x 80 x 80mm
Code: 3668143P
3 6 6 8 1 4 3 P
Customers also purchased
Decor Vent & Seal Leak Proof Glass Container 1.5L
Decor Vent & Seal Leak Proof Glass Container 1.5L
$16.00
$16.00 per 1Ea
Unit Price
Add
1
for $16.00

Decor Vent & Seal Leak Proof Glass Container 750mL
Decor Vent & Seal Leak Proof Glass Container 750mL
$12.00
$12.00 per 1Ea
Unit Price
Add
1
for $12.00

Sistema Hydrate Tritan Quick Flip Bottle 800mL
Sistema Hydrate Tritan Quick Flip Bottle
800mL
$13.25
800mL $1.66 per 100mL
Unit Price
Add
1
for $13.25

Decor Vent & Seal Leak Proof Glass Container 1.5L
Decor Vent & Seal Leak Proof Glass Container 1.5L
$16.00
$16.00 per 1Ea
Unit Price
Add
1
for $16.00"	['/wcsstore/Coles-CAS/images/3/6/6/3668143-th.jpg', '/wcsstore/Coles-CAS/images/3/6/6/3668143_L-th.jpg', '/wcsstore/Coles-CAS/images/3/6/6/3668143_R-th.jpg', '/wcsstore/Coles-CAS/images/3/6/6/3668143_B-th.jpg']
B.box	Replacement Straw	$ 10 .00	1 pack	$10.00 per 1Ea	"Disclaimer:
Product details, including nutritional information and country of origin, may change from time to time and so the product you receive in your order may not reflect the information on this page. Please check the packaging on any product you purchase and if it's not what you expected, feel free to return it for a full refund.
Details
Dimensions:
252 x 110 x 40mm
Code: 3841565P
3 8 4 1 5 6 5 P
Customers also purchased
B.box Sippy Cup For Kids
B.box Sippy Cup For Kids
$16.50
$16.50 per 1Ea
Unit Price
Add
1
for $16.50

B.box Training Cups Assorted
B.box Training Cups Assorted
$11.50
$11.50 per 1Ea
Unit Price
Add
1
for $11.50

CUB Weaning Spoon Set 3 pack everyday product
CUB Weaning Spoon Set
3 pack everyday product
$5.00
3 pack $1.67 per 1Ea
Unit Price
2more varieties
of CUB Weaning Spoon Set 3 pack everyday product
Add
1
for $5.00

B.box Cleaning Brush Set 1 pack
B.box Cleaning Brush Set
1 pack
$13.50
1 pack $13.50 per 1Ea
Unit Price
Add
1
for $13.50"	['/wcsstore/Coles-CAS/images/3/8/4/3841565-th.jpg', '/wcsstore/Coles-CAS/images/3/8/4/3841565_L-th.jpg', '/wcsstore/Coles-CAS/images/3/8/4/3841565_R-th.jpg', '/wcsstore/Coles-CAS/images/3/8/4/3841565_B-th.jpg']
B.box	Tritan Drink Bottle	$ 22 .50	450mL	$5.00 per 100mL	"Disclaimer:
Product details, including nutritional information and country of origin, may change from time to time and so the product you receive in your order may not reflect the information on this page. Please check the packaging on any product you purchase and if it's not what you expected, feel free to return it for a full refund.
Details
Dimensions:
232 x 75 x 77mm
Code: 4205901P
4 2 0 5 9 0 1 P
Customers also purchased
Tommee Tippee Transition Baby to Toddler Cup 4m+ 1 pack
Tommee Tippee Transition Baby to Toddler Cup 4m+
1 pack
$12.30
1 pack $12.30 per 1Ea
Unit Price
Add
1
for $12.30

B.box Spout Cup Assorted
B.box Spout Cup Assorted
$13.50
$13.50 per 1Ea
Unit Price
Add
1
for $13.50

Avent Animal Ultra Air Soothers 0-6 Months 2 pack
Avent Animal Ultra Air Soothers 0-6 Months
2 pack
$13.00
2 pack $6.50 per 1Ea
Unit Price
Add
1
for $13.00"	['/wcsstore/Coles-CAS/images/4/2/0/4205901-th.jpg', '/wcsstore/Coles-CAS/images/4/2/0/4205901_L-th.jpg', '/wcsstore/Coles-CAS/images/4/2/0/4205901_R-th.jpg', '/wcsstore/Coles-CAS/images/4/2/0/4205901_B-th.jpg']
B.box	Cleaning Brush Set	$ 13 .50	1 pack	$13.50 per 1Ea	"Disclaimer:
Product details, including nutritional information and country of origin, may change from time to time and so the product you receive in your order may not reflect the information on this page. Please check the packaging on any product you purchase and if it's not what you expected, feel free to return it for a full refund.
Details
Dimensions:
251 x 124 x 50mm
Warning:
For your child's safety and health. WARNING! This product is not a toy. Always use this product under adult supervision. Do not let child walk or run while carrying this product. Keep all components not in use out of reach of children. Do not allow child to bite or chew this product. Individual parts may pose a choking hazard. Clean before each use. If using with feeding teat, before first use, place teat in boiling water for 5 minutes or in a steam steriliser. This is to ensure hygiene. Always check liquid or food temperature before drinking/feeding. Hot liquids/food may cause burns.
Code: 4205424P
4 2 0 5 4 2 4 P
Customers also purchased
Milton Antibacterial Sterilizer Tablets 30 pack on special
Milton Antibacterial Sterilizer Tablets
30 pack on special
$8.49
save
$3.01
30 pack $0.28 per 1Ea
Unit Price
3more sizes
of Milton Antibacterial Sterilizer Tablets 30 pack on special
Add
1
for $8.49

B.box Replacement Straw 1 pack
B.box Replacement Straw
1 pack
$10.00
1 pack $10.00 per 1Ea
Unit Price
Add
1
for $10.00

CUB 2 In 1 Bottle & Teat Brush With Silicone Base everyday product
CUB 2 In 1 Bottle & Teat Brush With Silicone Base
everyday product
$7.00
$7.00 per 1Ea
Unit Price
4more varieties
of CUB 2 In 1 Bottle & Teat Brush With Silicone Base everyday product
Add
1
for $7.00"	['/wcsstore/Coles-CAS/images/4/2/0/4205424-th.jpg', '/wcsstore/Coles-CAS/images/4/2/0/4205424_L-th.jpg', '/wcsstore/Coles-CAS/images/4/2/0/4205424_B-th.jpg']
B.box	Fill + Freeze Containers	$ 27 .00	3 PACK	$9.00 per 1Ea	"Disclaimer:
Product details, including nutritional information and country of origin, may change from time to time and so the product you receive in your order may not reflect the information on this page. Please check the packaging on any product you purchase and if it's not what you expected, feel free to return it for a full refund.
Details
Dimensions:
130 x 85 x 95mm
Code: 5420546P
5 4 2 0 5 4 6 P"	['/wcsstore/Coles-CAS/images/5/4/2/5420546-th.jpg', '/wcsstore/Coles-CAS/images/5/4/2/5420546_L-th.jpg', '/wcsstore/Coles-CAS/images/5/4/2/5420546_R-th.jpg', '/wcsstore/Coles-CAS/images/5/4/2/5420546_B-th.jpg']
B.box	Mini Lunchbox Assorted	$ 26 .00	1 pack	$26.00 per 1Ea	"Disclaimer:
Product details, including nutritional information and country of origin, may change from time to time and so the product you receive in your order may not reflect the information on this page. Please check the packaging on any product you purchase and if it's not what you expected, feel free to return it for a full refund.
Details
Dimensions:
205 x 170 x 73mm
Code: 5420524P
5 4 2 0 5 2 4 P
Customers also purchased
B.box Sippy Cup For Kids
B.box Sippy Cup For Kids
$16.50
$16.50 per 1Ea
Unit Price
Add
1
for $16.50"	['/wcsstore/Coles-CAS/images/5/4/2/5420524-th.jpg', '/wcsstore/Coles-CAS/images/5/4/2/5420524_L-th.jpg', '/wcsstore/Coles-CAS/images/5/4/2/5420524_B-th.jpg']
B.box	Bowl+ Straw 6+ Months Assorted	$ 9 .00	1 pack	$9.00 per 1Ea	"Disclaimer:
Product details, including nutritional information and country of origin, may change from time to time and so the product you receive in your order may not reflect the information on this page. Please check the packaging on any product you purchase and if it's not what you expected, feel free to return it for a full refund.
Details
Dimensions:
95 x 190 x 195mm
Code: 5431939P
5 4 3 1 9 3 9 P"	['/wcsstore/Coles-CAS/images/5/4/3/5431939-th.jpg', '/wcsstore/Coles-CAS/images/5/4/3/5431939_L-th.jpg', '/wcsstore/Coles-CAS/images/5/4/3/5431939_R-th.jpg', '/wcsstore/Coles-CAS/images/5/4/3/5431939_B-th.jpg']
B.box	Snackbox Assorted	$ 16 .00	1 pack	$16.00 per 1Ea	"Disclaimer:
Product details, including nutritional information and country of origin, may change from time to time and so the product you receive in your order may not reflect the information on this page. Please check the packaging on any product you purchase and if it's not what you expected, feel free to return it for a full refund.
Details
Dimensions:
168 x 110 x 60mm
Code: 5420535P
5 4 2 0 5 3 5 P"	['/wcsstore/Coles-CAS/images/5/4/2/5420535-th.jpg', '/wcsstore/Coles-CAS/images/5/4/2/5420535_L-th.jpg', '/wcsstore/Coles-CAS/images/5/4/2/5420535_R-th.jpg', '/wcsstore/Coles-CAS/images/5/4/2/5420535_B-th.jpg']
B.box	Insulated Drink Bottle 500mL	$ 36 .00	500 ML	$36.00 per 1Ea	"Disclaimer:
Product details, including nutritional information and country of origin, may change from time to time and so the product you receive in your order may not reflect the information on this page. Please check the packaging on any product you purchase and if it's not what you expected, feel free to return it for a full refund.
Details
Dimensions:
236 x 72 x 88mm
Code: 5118074P
5 1 1 8 0 7 4 P
Customers also purchased
Tommee Tippee 1st Cutlery Set Fork Knife Spoon 12m+ 1 pack
Tommee Tippee 1st Cutlery Set Fork Knife Spoon 12m+
1 pack
$10.20
1 pack $10.20 per 1Ea
Unit Price
Add
1
for $10.20"	['/wcsstore/Coles-CAS/images/5/1/1/5118074-th.jpg', '/wcsstore/Coles-CAS/images/5/1/1/5118074_L-th.jpg', '/wcsstore/Coles-CAS/images/5/1/1/5118074_R-th.jpg', '/wcsstore/Coles-CAS/images/5/1/1/5118074_B-th.jpg']
Coles	Resealable Sandwich Bags	$ 2 .00	50 pack	$0.04 per 1Ea	"Disclaimer:
Product details, including nutritional information and country of origin, may change from time to time and so the product you receive in your order may not reflect the information on this page. Please check the packaging on any product you purchase and if it's not what you expected, feel free to return it for a full refund.
Details
Country of Origin:
Made in Thailand
Warning:
Safety Warnings: To avoid danger of suffocation, keep plastic bags away from babies and small children.
Code: 4486480P
4 4 8 6 4 8 0 P
Customers also purchased
Coles Large Resealable Storage Bags 20 pack
Coles Large Resealable Storage Bags
20 pack
$2.80
20 pack $0.14 per 1Ea
Unit Price
Add
1
for $2.80

Coles Small Resealable Storage Bags 50 pack
Coles Small Resealable Storage Bags
50 pack
$1.80
50 pack $0.04 per 1Ea
Unit Price
Add
1
for $1.80

Coles Brown Paper Lunch Bags 100 pack everyday product
Coles Brown Paper Lunch Bags
100 pack everyday product
$4.00
100 pack $0.04 per 1Ea
Unit Price
Add
1
for $4.00

Hercules Twinzip Storage Bags Large 27cm x 33cm 15 pack on special
Hercules Twinzip Storage Bags Large 27cm x 33cm
15 pack on special
$2.80
save
$0.70
15 pack $0.19 per 1Ea
Unit Price
Add
1
for $2.80"	['/wcsstore/Coles-CAS/images/4/4/8/4486480-th.jpg', '/wcsstore/Coles-CAS/images/4/4/8/4486480_L-th.jpg', '/wcsstore/Coles-CAS/images/4/4/8/4486480_R-th.jpg', '/wcsstore/Coles-CAS/images/4/4/8/4486480_B-th.jpg']
Coles	Small Resealable Storage Bags	$ 1 .80	50 pack	$0.04 per 1Ea	"Disclaimer:
Product details, including nutritional information and country of origin, may change from time to time and so the product you receive in your order may not reflect the information on this page. Please check the packaging on any product you purchase and if it's not what you expected, feel free to return it for a full refund.
Details
Country of Origin:
Made in Thailand
Warning:
Safety Warnings: To avoid danger of suffocation, keep plastic bags away from babies and small children.
Code: 4486356P
4 4 8 6 3 5 6 P
Customers also purchased
Coles Large Resealable Storage Bags 20 pack
Coles Large Resealable Storage Bags
20 pack
$2.80
20 pack $0.14 per 1Ea
Unit Price
Add
1
for $2.80

Coles Medium Resealable Storage Bags 30 pack
Coles Medium Resealable Storage Bags
30 pack
$2.80
Until 28 Mar 2023
30 pack $0.09 per 1Ea
Unit Price
Add
1
for $2.80

Coles Resealable Sandwich Bags 50 pack
Coles Resealable Sandwich Bags
50 pack
$2.00
50 pack $0.04 per 1Ea
Unit Price
Add
1
for $2.00

Hercules Click Zip Sandwich Bags 100 pack everyday product
Hercules Click Zip Sandwich Bags
100 pack everyday product
$5.00
100 pack $0.05 per 1Ea
Unit Price
Add
1
for $5.00"	['/wcsstore/Coles-CAS/images/4/4/8/4486356-th.jpg', '/wcsstore/Coles-CAS/images/4/4/8/4486356_L-th.jpg', '/wcsstore/Coles-CAS/images/4/4/8/4486356_R-th.jpg', '/wcsstore/Coles-CAS/images/4/4/8/4486356_B-th.jpg']
Coles	Medium Resealable Storage Bags	$ 2 .80	30 pack	$0.09 per 1Ea	"Disclaimer:
Product details, including nutritional information and country of origin, may change from time to time and so the product you receive in your order may not reflect the information on this page. Please check the packaging on any product you purchase and if it's not what you expected, feel free to return it for a full refund.
Details
Country of Origin:
Made in Thailand
Warning:
WARNING: TO AVOID DANGER OF SUFFOCATION, KEEP BAGS AWAY FROM CHILDREN AND PETS. DO NOT APPLY LARGE FORCE DURING OPENING AS THIS MAY SPLIT/TEAR THE BAG.
Code: 4486390P
4 4 8 6 3 9 0 P
Customers also purchased
Coles Large Resealable Storage Bags 20 pack
Coles Large Resealable Storage Bags
20 pack
$2.80
20 pack $0.14 per 1Ea
Unit Price
Add
1
for $2.80

Coles Small Resealable Storage Bags 50 pack
Coles Small Resealable Storage Bags
50 pack
$1.80
50 pack $0.04 per 1Ea
Unit Price
Add
1
for $1.80

Hercules Twinzip Storage Bags Large 27cm x 33cm 15 pack on special
Hercules Twinzip Storage Bags Large 27cm x 33cm
15 pack on special
$2.80
save
$0.70
15 pack $0.19 per 1Ea
Unit Price
Add
1
for $2.80

Hercules Resealable Value Pack Sandwich Bags 200 pack everyday product
Hercules Resealable Value Pack Sandwich Bags
200 pack everyday product
$7.70
200 pack $0.04 per 1Ea
Unit Price
Add
1
for $7.70"	['/wcsstore/Coles-CAS/images/4/4/8/4486390-th.jpg', '/wcsstore/Coles-CAS/images/4/4/8/4486390_L-th.jpg', '/wcsstore/Coles-CAS/images/4/4/8/4486390_R-th.jpg', '/wcsstore/Coles-CAS/images/4/4/8/4486390_B-th.jpg']
Coles	Large Resealable Storage Bags	$ 2 .80	20 pack	$0.14 per 1Ea	"Disclaimer:
Product details, including nutritional information and country of origin, may change from time to time and so the product you receive in your order may not reflect the information on this page. Please check the packaging on any product you purchase and if it's not what you expected, feel free to return it for a full refund.
Details
Country of Origin:
Made in Thailand
Warning:
Safety Warnings: To avoid danger of suffocation, keep plastic bags away from babies and small children. To avoid danger of suffocation, keep plastic bags away from babies and small children.
Code: 4486447P
4 4 8 6 4 4 7 P
Customers also purchased
Coles Small Resealable Storage Bags 50 pack
Coles Small Resealable Storage Bags
50 pack
$1.80
50 pack $0.04 per 1Ea
Unit Price
Add
1
for $1.80

Coles Medium Resealable Storage Bags 30 pack
Coles Medium Resealable Storage Bags
30 pack
$2.80
Until 28 Mar 2023
30 pack $0.09 per 1Ea
Unit Price
Add
1
for $2.80

Hercules Resealable Value Pack Sandwich Bags 200 pack everyday product
Hercules Resealable Value Pack Sandwich Bags
200 pack everyday product
$7.70
200 pack $0.04 per 1Ea
Unit Price
Add
1
for $7.70

Coles Easy Close Storage Bags 25 pack
Coles Easy Close Storage Bags
25 pack
$3.80
Until 28 Mar 2023
25 pack $0.15 per 1Ea
Unit Price
Add
1
for $3.80"	['/wcsstore/Coles-CAS/images/4/4/8/4486447-th.jpg', '/wcsstore/Coles-CAS/images/4/4/8/4486447_L-th.jpg', '/wcsstore/Coles-CAS/images/4/4/8/4486447_R-th.jpg', '/wcsstore/Coles-CAS/images/4/4/8/4486447_B-th.jpg']
Hercules	Clickzip Sandwich Bags 18cm x 16.5cm	$ 2 .35	40 pack	$0.06 per 1Ea	"Disclaimer:
Product details, including nutritional information and country of origin, may change from time to time and so the product you receive in your order may not reflect the information on this page. Please check the packaging on any product you purchase and if it's not what you expected, feel free to return it for a full refund.
Details
Dimensions:
185 x 105 x 40mm
Code: 8687837P
8 6 8 7 8 3 7 P
Customers also purchased
Hercules Twinzip Storage Bags Large 27cm x 33cm 15 pack on special
Hercules Twinzip Storage Bags Large 27cm x 33cm
15 pack on special
$2.80
save
$0.70
15 pack $0.19 per 1Ea
Unit Price
Add
1
for $2.80

Hercules Twinzip Sandwich Bags Large 22cm x 22cm 25 pack on special
Hercules Twinzip Sandwich Bags Large 22cm x 22cm
25 pack on special
$2.25
save
$0.60
25 pack $0.09 per 1Ea
Unit Price
Add
1
for $2.25

Hercules Clickzip Snack Bags Small 15cm x 10cm 40 pack everyday product
Hercules Clickzip Snack Bags Small 15cm x 10cm
40 pack everyday product
$2.35
40 pack $0.06 per 1Ea
Unit Price
Add
1
for $2.35

Hercules Twinzip Resealable Medium Storage Bags 15 pack on special
Hercules Twinzip Resealable Medium Storage Bags
15 pack on special
$2.60
save
$0.70
15 pack $0.17 per 1Ea
Unit Price
Add
1
for $2.60"	['/wcsstore/Coles-CAS/images/8/6/8/8687837-th.jpg', '/wcsstore/Coles-CAS/images/8/6/8/8687837_L-th.jpg', '/wcsstore/Coles-CAS/images/8/6/8/8687837_R-th.jpg']
Hercules	Clickzip Snack Bags Small 15cm x 10cm	$ 2 .35	40 pack	$0.06 per 1Ea	"Disclaimer:
Product details, including nutritional information and country of origin, may change from time to time and so the product you receive in your order may not reflect the information on this page. Please check the packaging on any product you purchase and if it's not what you expected, feel free to return it for a full refund.
Details
Dimensions:
185 x 105 x 30mm
Code: 8688953P
8 6 8 8 9 5 3 P
Customers also purchased
Hercules Clickzip Sandwich Bags 18cm x 16.5cm 40 pack everyday product
Hercules Clickzip Sandwich Bags 18cm x 16.5cm
40 pack everyday product
$2.35
40 pack $0.06 per 1Ea
Unit Price
Add
1
for $2.35

Hercules Twinzip Storage Bags Large 27cm x 33cm 15 pack on special
Hercules Twinzip Storage Bags Large 27cm x 33cm
15 pack on special
$2.80
save
$0.70
15 pack $0.19 per 1Ea
Unit Price
Add
1
for $2.80

Hercules Click Zip Sandwich Bags 100 pack everyday product
Hercules Click Zip Sandwich Bags
100 pack everyday product
$5.00
100 pack $0.05 per 1Ea
Unit Price
Add
1
for $5.00

Hercules Twinzip Resealable Medium Storage Bags 15 pack on special
Hercules Twinzip Resealable Medium Storage Bags
15 pack on special
$2.60
save
$0.70
15 pack $0.17 per 1Ea
Unit Price
Add
1
for $2.60"	['/wcsstore/Coles-CAS/images/8/6/8/8688953-th.jpg', '/wcsstore/Coles-CAS/images/8/6/8/8688953_L-th.jpg', '/wcsstore/Coles-CAS/images/8/6/8/8688953_R-th.jpg']
Hercules	Click Zip Sandwich Bags	$ 5 .00	100 pack	$0.05 per 1Ea	"Disclaimer:
Product details, including nutritional information and country of origin, may change from time to time and so the product you receive in your order may not reflect the information on this page. Please check the packaging on any product you purchase and if it's not what you expected, feel free to return it for a full refund.
Details
Storage Instructions:
Store in a cool, dry place.
Suitable for:
Cooking, Kitchen use.
Warning:
To avoid risk of suffocation keep bags out of reach of children.
Code: 2858766P
2 8 5 8 7 6 6 P"	[]
Coles	Brown Paper Lunch Bags	$ 4 .00	100 pack	$0.04 per 1Ea	"Disclaimer:
Product details, including nutritional information and country of origin, may change from time to time and so the product you receive in your order may not reflect the information on this page. Please check the packaging on any product you purchase and if it's not what you expected, feel free to return it for a full refund.
Details
Country of Origin:
Made in Vietnam
Code: 4485105P
4 4 8 5 1 0 5 P
Customers also purchased
Coles Large Resealable Storage Bags 20 pack
Coles Large Resealable Storage Bags
20 pack
$2.80
20 pack $0.14 per 1Ea
Unit Price
Add
1
for $2.80

Coles Resealable Sandwich Bags 50 pack
Coles Resealable Sandwich Bags
50 pack
$2.00
50 pack $0.04 per 1Ea
Unit Price
Add
1
for $2.00

Coles Easy Close Storage Bags 25 pack
Coles Easy Close Storage Bags
25 pack
$3.80
Until 28 Mar 2023
25 pack $0.15 per 1Ea
Unit Price
Add
1
for $3.80

Coles Pillow Sandwich Bags 150 pack
Coles Pillow Sandwich Bags
150 pack
$1.20
Until 28 Mar 2023
150 pack $0.01 per 1Ea
Unit Price
Add
1
for $1.20"	[]
Hercules	Resealable Value Pack Sandwich Bags	$ 7 .70	200 pack	$0.04 per 1Ea	"Disclaimer:
Product details, including nutritional information and country of origin, may change from time to time and so the product you receive in your order may not reflect the information on this page. Please check the packaging on any product you purchase and if it's not what you expected, feel free to return it for a full refund.
Details
Dimensions:
185 x 75 x 105mm
Code: 3364808P
3 3 6 4 8 0 8 P
Customers also purchased
Coles Large Resealable Storage Bags 20 pack
Coles Large Resealable Storage Bags
20 pack
$2.80
20 pack $0.14 per 1Ea
Unit Price
Add
1
for $2.80

Hercules Twinzip Storage Bags Large 27cm x 33cm 15 pack on special
Hercules Twinzip Storage Bags Large 27cm x 33cm
15 pack on special
$2.80
save
$0.70
15 pack $0.19 per 1Ea
Unit Price
Add
1
for $2.80

Hercules Clickzip Snack Bags Small 15cm x 10cm 40 pack everyday product
Hercules Clickzip Snack Bags Small 15cm x 10cm
40 pack everyday product
$2.35
40 pack $0.06 per 1Ea
Unit Price
Add
1
for $2.35

Hercules Twinzip Resealable Medium Storage Bags 15 pack on special
Hercules Twinzip Resealable Medium Storage Bags
15 pack on special
$2.60
save
$0.70
15 pack $0.17 per 1Ea
Unit Price
Add
1
for $2.60"	['/wcsstore/Coles-CAS/images/3/3/6/3364808-th.jpg', '/wcsstore/Coles-CAS/images/3/3/6/3364808_R-th.jpg', '/wcsstore/Coles-CAS/images/3/3/6/3364808_B-th.jpg']
Hercules	Twinzip Resealable Medium Storage Bags	$ 2 .60	15 pack	$0.17 per 1Ea	"Disclaimer:
Product details, including nutritional information and country of origin, may change from time to time and so the product you receive in your order may not reflect the information on this page. Please check the packaging on any product you purchase and if it's not what you expected, feel free to return it for a full refund.
Code: 3364794P
3 3 6 4 7 9 4 P
Customers also purchased
Hercules Twinzip Storage Bags Large 27cm x 33cm 15 pack on special
Hercules Twinzip Storage Bags Large 27cm x 33cm
15 pack on special
$2.80
save
$0.70
15 pack $0.19 per 1Ea
Unit Price
Add
1
for $2.80

Hercules Twinzip Sandwich Bags Large 22cm x 22cm 25 pack on special
Hercules Twinzip Sandwich Bags Large 22cm x 22cm
25 pack on special
$2.25
save
$0.60
25 pack $0.09 per 1Ea
Unit Price
Add
1
for $2.25

Hercules Clickzip Snack Bags Small 15cm x 10cm 40 pack everyday product
Hercules Clickzip Snack Bags Small 15cm x 10cm
40 pack everyday product
$2.35
40 pack $0.06 per 1Ea
Unit Price
Add
1
for $2.35

Hercules Resealable Value Pack Sandwich Bags 200 pack everyday product
Hercules Resealable Value Pack Sandwich Bags
200 pack everyday product
$7.70
200 pack $0.04 per 1Ea
Unit Price
Add
1
for $7.70"	['/wcsstore/Coles-CAS/images/3/3/6/3364794-th.jpg', '/wcsstore/Coles-CAS/images/3/3/6/3364794_L-th.jpg', '/wcsstore/Coles-CAS/images/3/3/6/3364794_R-th.jpg']
Hercules	Twinzip Storage Bags Large 27cm x 33cm	$ 2 .80	15 pack	$0.19 per 1Ea	"Disclaimer:
Product details, including nutritional information and country of origin, may change from time to time and so the product you receive in your order may not reflect the information on this page. Please check the packaging on any product you purchase and if it's not what you expected, feel free to return it for a full refund.
Details
Dimensions:
75 x 285 x 40mm
Code: 4582032P
4 5 8 2 0 3 2 P
Customers also purchased
Hercules Twinzip Sandwich Bags Large 22cm x 22cm 25 pack on special
Hercules Twinzip Sandwich Bags Large 22cm x 22cm
25 pack on special
$2.25
save
$0.60
25 pack $0.09 per 1Ea
Unit Price
Add
1
for $2.25

Hercules Clickzip Snack Bags Small 15cm x 10cm 40 pack everyday product
Hercules Clickzip Snack Bags Small 15cm x 10cm
40 pack everyday product
$2.35
40 pack $0.06 per 1Ea
Unit Price
Add
1
for $2.35

Hercules Twinzip Resealable Medium Storage Bags 15 pack on special
Hercules Twinzip Resealable Medium Storage Bags
15 pack on special
$2.60
save
$0.70
15 pack $0.17 per 1Ea
Unit Price
Add
1
for $2.60

Hercules Resealable Value Pack Sandwich Bags 200 pack everyday product
Hercules Resealable Value Pack Sandwich Bags
200 pack everyday product
$7.70
200 pack $0.04 per 1Ea
Unit Price
Add
1
for $7.70"	['/wcsstore/Coles-CAS/images/4/5/8/4582032-th.jpg', '/wcsstore/Coles-CAS/images/4/5/8/4582032_R-th.jpg', '/wcsstore/Coles-CAS/images/4/5/8/4582032_B-th.jpg']
Hercules	Twinzip Sandwich Bags Large 22cm x 22cm	$ 2 .25	25 pack	$0.09 per 1Ea	"Disclaimer:
Product details, including nutritional information and country of origin, may change from time to time and so the product you receive in your order may not reflect the information on this page. Please check the packaging on any product you purchase and if it's not what you expected, feel free to return it for a full refund.
Details
Dimensions:
65 x 235 x 45mm
Code: 5185843P
5 1 8 5 8 4 3 P
Customers also purchased
Hercules Clickzip Sandwich Bags 18cm x 16.5cm 40 pack everyday product
Hercules Clickzip Sandwich Bags 18cm x 16.5cm
40 pack everyday product
$2.35
40 pack $0.06 per 1Ea
Unit Price
Add
1
for $2.35

Hercules Twinzip Storage Bags Large 27cm x 33cm 15 pack on special
Hercules Twinzip Storage Bags Large 27cm x 33cm
15 pack on special
$2.80
save
$0.70
15 pack $0.19 per 1Ea
Unit Price
Add
1
for $2.80

Hercules Click Zip Sandwich Bags 100 pack everyday product
Hercules Click Zip Sandwich Bags
100 pack everyday product
$5.00
100 pack $0.05 per 1Ea
Unit Price
Add
1
for $5.00

Hercules Twinzip Resealable Medium Storage Bags 15 pack on special
Hercules Twinzip Resealable Medium Storage Bags
15 pack on special
$2.60
save
$0.70
15 pack $0.17 per 1Ea
Unit Price
Add
1
for $2.60"	['/wcsstore/Coles-CAS/images/5/1/8/5185843-th.jpg', '/wcsstore/Coles-CAS/images/5/1/8/5185843_R-th.jpg', '/wcsstore/Coles-CAS/images/5/1/8/5185843_B-th.jpg']
Ziploc	Resealable Food Storage Sandwich Bags	$ 3 .05	50 pack	$0.06 per 1Ea	"Disclaimer:
Product details, including nutritional information and country of origin, may change from time to time and so the product you receive in your order may not reflect the information on this page. Please check the packaging on any product you purchase and if it's not what you expected, feel free to return it for a full refund.
Details
Ingredients:
Polyethylene and Dye. SCJ Formula #35*28267, 35*28269, 35*28271
Contains:
50 sandwich bags.
Usage Instructions:
For product information, storage tips and recipes visit us on our website
Size:
50 Pack
Warning:
To avoid danger of suffocation, keep bags away from babies and young children. The thin film may cling to nose and mouth and prevent breathing. Not recommended for use in microwave or for storage of liquids.
Code: 3975517P
3 9 7 5 5 1 7 P
Customers also purchased
Ziploc XL Resealable Food Storage Sandwich Bags 30 pack on special
Ziploc XL Resealable Food Storage Sandwich Bags
30 pack on special
$3.05
save
$1.35
30 pack $0.10 per 1Ea
Unit Price
Add
1
for $3.05

Ziploc Large Resealable Food Storage Bags 19 pack on special
Ziploc Large Resealable Food Storage Bags
19 pack on special
$3.05
save
$1.35
19 pack $0.16 per 1Ea
Unit Price
Add
1
for $3.05

Ziploc Resealable Food Storage Snack Bags 60 pack on special
Ziploc Resealable Food Storage Snack Bags
60 pack on special
$3.05
save
$1.35
60 pack $0.05 per 1Ea
Unit Price
Add
1
for $3.05

Ziploc Medium Resealable Food Storage Bags 24 pack on special
Ziploc Medium Resealable Food Storage Bags
24 pack on special
$3.05
save
$1.35
24 pack $0.13 per 1Ea
Unit Price
Add
1
for $3.05"	['/wcsstore/Coles-CAS/images/3/9/7/3975517-th.jpg', '/wcsstore/Coles-CAS/images/3/9/7/3975517_L-th.jpg', '/wcsstore/Coles-CAS/images/3/9/7/3975517_R-th.jpg', '/wcsstore/Coles-CAS/images/3/9/7/3975517_B-th.jpg']
Coles	Pillow Sandwich Bags	$ 1 .20	150 pack	$0.01 per 1Ea	"Disclaimer:
Product details, including nutritional information and country of origin, may change from time to time and so the product you receive in your order may not reflect the information on this page. Please check the packaging on any product you purchase and if it's not what you expected, feel free to return it for a full refund.
Details
Country of Origin:
Made in China
Code: 3509478P
3 5 0 9 4 7 8 P"	[]
Ziploc	Resealable Food Storage Snack Bags	$ 3 .05	60 pack	$0.05 per 1Ea	"Disclaimer:
Product details, including nutritional information and country of origin, may change from time to time and so the product you receive in your order may not reflect the information on this page. Please check the packaging on any product you purchase and if it's not what you expected, feel free to return it for a full refund.
Details
Ingredients:
Polyethylene and Dye. SCJ Formula #35*28268, 35*28271.
Contains:
60 Bags.
Usage Instructions:
Not recommended for use in microwave or for storage of liquids.
Size:
1 Pack.
Warning:
To avoid danger of suffocation, keep bags away from babies and young children. The thin film may cling to nose and mouth and prevent breathing.
Code: 3975572P
3 9 7 5 5 7 2 P
Customers also purchased
Ziploc Resealable Food Storage Sandwich Bags 100 pack
Ziploc Resealable Food Storage Sandwich Bags
100 pack
$6.60
100 pack $0.07 per 1Ea
Unit Price
Add
1
for $6.60

Ziploc XL Resealable Food Storage Sandwich Bags 30 pack on special
Ziploc XL Resealable Food Storage Sandwich Bags
30 pack on special
$3.05
save
$1.35
30 pack $0.10 per 1Ea
Unit Price
Add
1
for $3.05

Ziploc Large Resealable Food Storage Bags 19 pack on special
Ziploc Large Resealable Food Storage Bags
19 pack on special
$3.05
save
$1.35
19 pack $0.16 per 1Ea
Unit Price
Add
1
for $3.05

Ziploc Resealable Food Storage Sandwich Bags 50 pack on special
Ziploc Resealable Food Storage Sandwich Bags
50 pack on special
$3.05
save
$1.35
50 pack $0.06 per 1Ea
Unit Price
Add
1
for $3.05"	['/wcsstore/Coles-CAS/images/3/9/7/3975572-th.jpg', '/wcsstore/Coles-CAS/images/3/9/7/3975572_L-th.jpg', '/wcsstore/Coles-CAS/images/3/9/7/3975572_R-th.jpg', '/wcsstore/Coles-CAS/images/3/9/7/3975572_B-th.jpg']
Ziploc	Medium Resealable Food Storage Freezer Bags	$ 3 .05	19 pack	$0.16 per 1Ea	"Disclaimer:
Product details, including nutritional information and country of origin, may change from time to time and so the product you receive in your order may not reflect the information on this page. Please check the packaging on any product you purchase and if it's not what you expected, feel free to return it for a full refund.
Details
Ingredients:
Polyethylene and Dye. SCJ Formula #35*25118, 35*29692, 35*34192.
Contains:
19 Seal top bags.
Size:
1 Pack.
Warning:
To avoid danger of suffocation, keep bags away from babies and young children. For use in microwave, place bag on a microwave-safe dish. Handle with care. Bag and contents may be hot. Do not overheat contents as bag may melt. Defrost & Reheat - Vent bag 2.5cm.
Code: 3975594P
3 9 7 5 5 9 4 P
Customers also purchased
Multix Large Freezer Bags 45cm x 30cm 40 pack
Multix Large Freezer Bags 45cm x 30cm
40 pack
$3.00
40 pack $0.08 per 1Ea
Unit Price
Add
1
for $3.00

Multix Medium Freezer Bags 80 pack
Multix Medium Freezer Bags
80 pack
$3.00
80 pack $0.04 per 1Ea
Unit Price
Add
1
for $3.00

Coles Bags Freezer Large 40 pack
Coles Bags Freezer Large
40 pack
$0.80
40 pack $0.02 per 1Ea
Unit Price
Add
1
for $0.80

Ziploc Large Resealable Food Storage Freezer Bags 14 pack on special
Ziploc Large Resealable Food Storage Freezer Bags
14 pack on special
$3.05
save
$1.35
14 pack $0.22 per 1Ea
Unit Price
Add
1
for $3.05"	['/wcsstore/Coles-CAS/images/3/9/7/3975594-th.jpg', '/wcsstore/Coles-CAS/images/3/9/7/3975594_L-th.jpg', '/wcsstore/Coles-CAS/images/3/9/7/3975594_R-th.jpg', '/wcsstore/Coles-CAS/images/3/9/7/3975594_B-th.jpg']
Ziploc	XL Resealable Food Storage Sandwich Bags	$ 3 .05	30 pack	$0.10 per 1Ea	"Disclaimer:
Product details, including nutritional information and country of origin, may change from time to time and so the product you receive in your order may not reflect the information on this page. Please check the packaging on any product you purchase and if it's not what you expected, feel free to return it for a full refund.
Details
Ingredients:
Polyethylene and Dye. SCJ Formula #35*28229.
Contains:
30 sandwich bags.
Usage Instructions:
Not recommended for use in microwave or for storage of liquids.
Size:
30 Pack
Warning:
To avoid danger of suffocation, keep bags away from babies and young children. The thin film may cling to nose and mouth and prevent breathing.
Code: 3975641P
3 9 7 5 6 4 1 P
Customers also purchased
Ziploc Resealable Food Storage Sandwich Bags 100 pack
Ziploc Resealable Food Storage Sandwich Bags
100 pack
$6.60
100 pack $0.07 per 1Ea
Unit Price
Add
1
for $6.60

Ziploc Large Resealable Food Storage Bags 19 pack on special
Ziploc Large Resealable Food Storage Bags
19 pack on special
$3.05
save
$1.35
19 pack $0.16 per 1Ea
Unit Price
Add
1
for $3.05

Ziploc Resealable Food Storage Snack Bags 60 pack on special
Ziploc Resealable Food Storage Snack Bags
60 pack on special
$3.05
save
$1.35
60 pack $0.05 per 1Ea
Unit Price
Add
1
for $3.05

Ziploc Resealable Food Storage Sandwich Bags 50 pack on special
Ziploc Resealable Food Storage Sandwich Bags
50 pack on special
$3.05
save
$1.35
50 pack $0.06 per 1Ea
Unit Price
Add
1
for $3.05"	['/wcsstore/Coles-CAS/images/3/9/7/3975641-th.jpg', '/wcsstore/Coles-CAS/images/3/9/7/3975641_L-th.jpg', '/wcsstore/Coles-CAS/images/3/9/7/3975641_R-th.jpg', '/wcsstore/Coles-CAS/images/3/9/7/3975641_B-th.jpg']
Ziploc	Large Resealable Food Storage Freezer Bags	$ 3 .05	14 pack	$0.22 per 1Ea	"Disclaimer:
Product details, including nutritional information and country of origin, may change from time to time and so the product you receive in your order may not reflect the information on this page. Please check the packaging on any product you purchase and if it's not what you expected, feel free to return it for a full refund.
Details
Ingredients:
Polyethylene and Dye. SCJ Formula #35*25118, 35*29692, 35*34192.
Contains:
14 Seal top bags.
Size:
1 Pack.
Warning:
To avoid danger of suffocation, keep bags away from babies and young children. For use in microwave, place bag on a microwave-safe dish. Handle with care. Bag and contents may be hot. Do not overheat contents as bag may melt. Defrost & Reheat - Vent bag 2.5cm.
Code: 3975608P
3 9 7 5 6 0 8 P
Customers also purchased
Multix Large Freezer Bags 45cm x 30cm 40 pack
Multix Large Freezer Bags 45cm x 30cm
40 pack
$3.00
40 pack $0.08 per 1Ea
Unit Price
Add
1
for $3.00

Multix Medium Freezer Bags 80 pack
Multix Medium Freezer Bags
80 pack
$3.00
80 pack $0.04 per 1Ea
Unit Price
Add
1
for $3.00

Glad Go Between Freezer Film 15m x 33cm 1 pack
Glad Go Between Freezer Film 15m x 33cm
1 pack
$4.25
1 pack $4.25 per 1Ea
Unit Price
Add
1
for $4.25

Ziploc Medium Resealable Food Storage Freezer Bags 19 pack on special
Ziploc Medium Resealable Food Storage Freezer Bags
19 pack on special
$3.05
save
$1.35
19 pack $0.16 per 1Ea
Unit Price
Add
1
for $3.05"	['/wcsstore/Coles-CAS/images/3/9/7/3975608-th.jpg', '/wcsstore/Coles-CAS/images/3/9/7/3975608_L-th.jpg', '/wcsstore/Coles-CAS/images/3/9/7/3975608_R-th.jpg', '/wcsstore/Coles-CAS/images/3/9/7/3975608_B-th.jpg']
Ziploc	Large Resealable Food Storage Bags	$ 3 .05	19 pack	$0.16 per 1Ea	"Disclaimer:
Product details, including nutritional information and country of origin, may change from time to time and so the product you receive in your order may not reflect the information on this page. Please check the packaging on any product you purchase and if it's not what you expected, feel free to return it for a full refund.
Details
Ingredients:
Polyethylene, Dye and Ink. SCJ Formula #35*25119, 35*29693, 35*34193.
Contains:
19 storage large bags.
Usage Instructions:
For product information, storage tips and recipes visit our website Microwave Directions: Defrost & Reheat - Vent Bag 2.5cm
Size:
19 Pack
Warning:
To avoid danger of suffocation, keep bags away from babies and young children. For use in microwave, place bag on a microwave-safe dish. Handle with care. Bag and contents may be hot. Do not overheat contents as bag may melt.
Code: 3975620P
3 9 7 5 6 2 0 P
Customers also purchased
Ziploc XL Resealable Food Storage Sandwich Bags 30 pack on special
Ziploc XL Resealable Food Storage Sandwich Bags
30 pack on special
$3.05
save
$1.35
30 pack $0.10 per 1Ea
Unit Price
Add
1
for $3.05

Ziploc Resealable Food Storage Snack Bags 60 pack on special
Ziploc Resealable Food Storage Snack Bags
60 pack on special
$3.05
save
$1.35
60 pack $0.05 per 1Ea
Unit Price
Add
1
for $3.05

Ziploc Medium Resealable Food Storage Bags 24 pack on special
Ziploc Medium Resealable Food Storage Bags
24 pack on special
$3.05
save
$1.35
24 pack $0.13 per 1Ea
Unit Price
Add
1
for $3.05

Ziploc Resealable Food Storage Sandwich Bags 50 pack on special
Ziploc Resealable Food Storage Sandwich Bags
50 pack on special
$3.05
save
$1.35
50 pack $0.06 per 1Ea
Unit Price
Add
1
for $3.05"	['/wcsstore/Coles-CAS/images/3/9/7/3975620-th.jpg', '/wcsstore/Coles-CAS/images/3/9/7/3975620_L-th.jpg', '/wcsstore/Coles-CAS/images/3/9/7/3975620_R-th.jpg', '/wcsstore/Coles-CAS/images/3/9/7/3975620_B-th.jpg']
Ziploc	Resealable Food Storage Sandwich Bags	$ 6 .60	100 pack	$0.07 per 1Ea	"Disclaimer:
Product details, including nutritional information and country of origin, may change from time to time and so the product you receive in your order may not reflect the information on this page. Please check the packaging on any product you purchase and if it's not what you expected, feel free to return it for a full refund.
Details
Ingredients:
Polyethylene and Dye. SCJ Formula #35*28267, 35*28269, 35*28271
Contains:
100 sandwich bags.
Usage Instructions:
For product information, storage tips and recipes visit us on our website
Size:
100 Pack
Warning:
To avoid danger of suffocation, keep bags away from babies and young children. The thin film may cling to nose and mouth and prevent breathing. Not recommended for use in microwave or for storage of liquids.
Code: 3975561P
3 9 7 5 5 6 1 P
Customers also purchased
Ziploc XL Resealable Food Storage Sandwich Bags 30 pack on special
Ziploc XL Resealable Food Storage Sandwich Bags
30 pack on special
$3.05
save
$1.35
30 pack $0.10 per 1Ea
Unit Price
Add
1
for $3.05

Ziploc Large Resealable Food Storage Bags 19 pack on special
Ziploc Large Resealable Food Storage Bags
19 pack on special
$3.05
save
$1.35
19 pack $0.16 per 1Ea
Unit Price
Add
1
for $3.05

Ziploc Resealable Food Storage Snack Bags 60 pack on special
Ziploc Resealable Food Storage Snack Bags
60 pack on special
$3.05
save
$1.35
60 pack $0.05 per 1Ea
Unit Price
Add
1
for $3.05

Ziploc Medium Resealable Food Storage Bags 24 pack on special
Ziploc Medium Resealable Food Storage Bags
24 pack on special
$3.05
save
$1.35
24 pack $0.13 per 1Ea
Unit Price
Add
1
for $3.05"	['/wcsstore/Coles-CAS/images/3/9/7/3975561-th.jpg', '/wcsstore/Coles-CAS/images/3/9/7/3975561_L-th.jpg', '/wcsstore/Coles-CAS/images/3/9/7/3975561_R-th.jpg', '/wcsstore/Coles-CAS/images/3/9/7/3975561_B-th.jpg']
Coles	Easy Close Storage Bags	$ 3 .80	25 pack	$0.15 per 1Ea	"Disclaimer:
Product details, including nutritional information and country of origin, may change from time to time and so the product you receive in your order may not reflect the information on this page. Please check the packaging on any product you purchase and if it's not what you expected, feel free to return it for a full refund.
Code: 3591956P
3 5 9 1 9 5 6 P
Customers also purchased
Coles Large Resealable Storage Bags 20 pack
Coles Large Resealable Storage Bags
20 pack
$2.80
20 pack $0.14 per 1Ea
Unit Price
Add
1
for $2.80

Coles Medium Resealable Storage Bags 30 pack
Coles Medium Resealable Storage Bags
30 pack
$2.80
Until 28 Mar 2023
30 pack $0.09 per 1Ea
Unit Price
Add
1
for $2.80

Coles Brown Paper Lunch Bags 100 pack everyday product
Coles Brown Paper Lunch Bags
100 pack everyday product
$4.00
100 pack $0.04 per 1Ea
Unit Price
Add
1
for $4.00

Hercules Twinzip Storage Bags Large 27cm x 33cm 15 pack on special
Hercules Twinzip Storage Bags Large 27cm x 33cm
15 pack on special
$2.80
save
$0.70
15 pack $0.19 per 1Ea
Unit Price
Add
1
for $2.80"	[]
Glad	To Be Green Sandwich Snaplock Plant Based Bags	$ 3 .50	40 pack	$0.09 per 1Ea	"Disclaimer:
Product details, including nutritional information and country of origin, may change from time to time and so the product you receive in your order may not reflect the information on this page. Please check the packaging on any product you purchase and if it's not what you expected, feel free to return it for a full refund.
Details
Contains:
40 Reseal bags.
Usage Instructions:
Microwave oven use. Safe to defrost food in microwave; not recommended for cooking. Do not reheat food with high sugar content.
Size:
40 Pack
Warning:
When microwaving handle hot bags with care. Quality Guarantee: Glad guarantees 100% quality or we will happily refund your purchase. Please keep product packaging and call our toll free helpline.
Code: 3974886P
3 9 7 4 8 8 6 P
Customers also purchased
Hercules Twinzip Resealable Medium Storage Bags 15 pack on special
Hercules Twinzip Resealable Medium Storage Bags
15 pack on special
$2.60
save
$0.70
15 pack $0.17 per 1Ea
Unit Price
Add
1
for $2.60

Ziploc Medium Resealable Food Storage Bags 24 pack on special
Ziploc Medium Resealable Food Storage Bags
24 pack on special
$3.05
save
$1.35
24 pack $0.13 per 1Ea
Unit Price
Add
1
for $3.05

Glad To Be Green Snack Snaplock Plant Based Bags 50 pack on special
Glad To Be Green Snack Snaplock Plant Based Bags
50 pack on special
$3.50
save
$0.50
50 pack $0.07 per 1Ea
Unit Price
Add
1
for $3.50

Multix Greener Plant Based Snack Bags 35 pack on special
Multix Greener Plant Based Snack Bags
35 pack on special
$3.20
save
$0.80
35 pack $0.09 per 1Ea
Unit Price
Add
1
for $3.20"	['/wcsstore/Coles-CAS/images/3/9/7/3974886-th.jpg', '/wcsstore/Coles-CAS/images/3/9/7/3974886_L-th.jpg', '/wcsstore/Coles-CAS/images/3/9/7/3974886_R-th.jpg', '/wcsstore/Coles-CAS/images/3/9/7/3974886_B-th.jpg']
Multix	Greener Plant Based Sandwich Bags	$ 3 .20	30 pack	$0.11 per 1Ea	"Disclaimer:
Product details, including nutritional information and country of origin, may change from time to time and so the product you receive in your order may not reflect the information on this page. Please check the packaging on any product you purchase and if it's not what you expected, feel free to return it for a full refund.
Details
Usage Instructions:
Temperature tolerance up to 110C. Please leave the bag at least partially open when using in microwave to allow steam to escape.
Size:
30 Pack
Warning:
To avoid suffocation, keep bags out of reach of children.
Code: 3975299P
3 9 7 5 2 9 9 P
Customers also purchased
Hercules Twinzip Sandwich Bags Large 22cm x 22cm 25 pack on special
Hercules Twinzip Sandwich Bags Large 22cm x 22cm
25 pack on special
$2.25
save
$0.60
25 pack $0.09 per 1Ea
Unit Price
Add
1
for $2.25

Hercules Clickzip Snack Bags Small 15cm x 10cm 40 pack everyday product
Hercules Clickzip Snack Bags Small 15cm x 10cm
40 pack everyday product
$2.35
40 pack $0.06 per 1Ea
Unit Price
Add
1
for $2.35

Glad To Be Green Snack Snaplock Plant Based Bags 50 pack on special
Glad To Be Green Snack Snaplock Plant Based Bags
50 pack on special
$3.50
save
$0.50
50 pack $0.07 per 1Ea
Unit Price
Add
1
for $3.50

Multix Greener Plant Based Snack Bags 35 pack on special
Multix Greener Plant Based Snack Bags
35 pack on special
$3.20
save
$0.80
35 pack $0.09 per 1Ea
Unit Price
Add
1
for $3.20"	['/wcsstore/Coles-CAS/images/3/9/7/3975299-th.jpg', '/wcsstore/Coles-CAS/images/3/9/7/3975299_L-th.jpg', '/wcsstore/Coles-CAS/images/3/9/7/3975299_R-th.jpg', '/wcsstore/Coles-CAS/images/3/9/7/3975299_B-th.jpg']
Ziploc	Medium Resealable Food Storage Bags	$ 3 .05	24 pack	$0.13 per 1Ea	"Disclaimer:
Product details, including nutritional information and country of origin, may change from time to time and so the product you receive in your order may not reflect the information on this page. Please check the packaging on any product you purchase and if it's not what you expected, feel free to return it for a full refund.
Details
Ingredients:
Polyethylene and Dye. SCJ Formula #35*25119, 35*29693, 35*34193.
Contains:
24 Seal top bags.
Size:
1 Pack.
Warning:
To avoid danger of suffocation, keep bags away from babies and young children. For use in microwave, place bag on a microwave-safe dish. Handle with care. Bag and contents may be hot. Do not overheat contents as bag may melt. Defrost & Reheat - Vent bag 2.5cm.
Code: 3975619P
3 9 7 5 6 1 9 P
Customers also purchased
Ziploc Resealable Food Storage Sandwich Bags 100 pack
Ziploc Resealable Food Storage Sandwich Bags
100 pack
$6.60
100 pack $0.07 per 1Ea
Unit Price
Add
1
for $6.60

Ziploc Large Resealable Food Storage Bags 19 pack on special
Ziploc Large Resealable Food Storage Bags
19 pack on special
$3.05
save
$1.35
19 pack $0.16 per 1Ea
Unit Price
Add
1
for $3.05

Ziploc Resealable Food Storage Snack Bags 60 pack on special
Ziploc Resealable Food Storage Snack Bags
60 pack on special
$3.05
save
$1.35
60 pack $0.05 per 1Ea
Unit Price
Add
1
for $3.05

Ziploc Resealable Food Storage Sandwich Bags 50 pack on special
Ziploc Resealable Food Storage Sandwich Bags
50 pack on special
$3.05
save
$1.35
50 pack $0.06 per 1Ea
Unit Price
Add
1
for $3.05"	['/wcsstore/Coles-CAS/images/3/9/7/3975619-th.jpg', '/wcsstore/Coles-CAS/images/3/9/7/3975619_L-th.jpg', '/wcsstore/Coles-CAS/images/3/9/7/3975619_R-th.jpg', '/wcsstore/Coles-CAS/images/3/9/7/3975619_B-th.jpg']
Glad	To Be Green Snack Snaplock Plant Based Bags	$ 3 .50	50 pack	$0.07 per 1Ea	"Disclaimer:
Product details, including nutritional information and country of origin, may change from time to time and so the product you receive in your order may not reflect the information on this page. Please check the packaging on any product you purchase and if it's not what you expected, feel free to return it for a full refund.
Details
Contains:
50 Reseal bags.
Usage Instructions:
Microwave oven use. Safe to defrost food in microwave; not recommended for cooking. Do not reheat food with high sugar content.
Size:
50 Pack
Warning:
When microwaving handle hot bags with care. Quality Guarantee: Glad guarantees 100% quality or we will happily refund your purchase. Please keep product packaging and call our toll free helpline.
Code: 3974944P
3 9 7 4 9 4 4 P
Customers also purchased
Ziploc Medium Resealable Food Storage Bags 24 pack on special
Ziploc Medium Resealable Food Storage Bags
24 pack on special
$3.05
save
$1.35
24 pack $0.13 per 1Ea
Unit Price
Add
1
for $3.05

Ziploc Resealable Food Storage Sandwich Bags 50 pack on special
Ziploc Resealable Food Storage Sandwich Bags
50 pack on special
$3.05
save
$1.35
50 pack $0.06 per 1Ea
Unit Price
Add
1
for $3.05

Glad To Be Green Sandwich Snaplock Plant Based Bags 40 pack on special
Glad To Be Green Sandwich Snaplock Plant Based Bags
40 pack on special
$3.50
save
$0.50
40 pack $0.09 per 1Ea
Unit Price
Add
1
for $3.50

Coles 50% Plant Based Reseal Sandwich Bags 30 pack on special
Coles 50% Plant Based Reseal Sandwich Bags
30 pack on special
buy 2 for $6.00
2 for
$ 6
regular price
$3.50 ea
each
30 pack $0.12 per 1Ea
Unit Price
Add
2
for $6.00"	['/wcsstore/Coles-CAS/images/3/9/7/3974944-th.jpg', '/wcsstore/Coles-CAS/images/3/9/7/3974944_L-th.jpg', '/wcsstore/Coles-CAS/images/3/9/7/3974944_R-th.jpg', '/wcsstore/Coles-CAS/images/3/9/7/3974944_B-th.jpg']
Multix	Greener Plant Based Snack Bags	$ 3 .20	35 pack	$0.09 per 1Ea	"Disclaimer:
Product details, including nutritional information and country of origin, may change from time to time and so the product you receive in your order may not reflect the information on this page. Please check the packaging on any product you purchase and if it's not what you expected, feel free to return it for a full refund.
Details
Usage Instructions:
Temperature tolerance up to 110C. Please leave the bag at least partially open when using in microwave to allow steam to escape.
Size:
35 Pack
Warning:
To avoid suffocation, keep bags out of reach of children.
Code: 3975335P
3 9 7 5 3 3 5 P
Customers also purchased
Hercules Resealable Value Pack Sandwich Bags 200 pack everyday product
Hercules Resealable Value Pack Sandwich Bags
200 pack everyday product
$7.70
200 pack $0.04 per 1Ea
Unit Price
Add
1
for $7.70

Glad To Be Green Sandwich Snaplock Plant Based Bags 40 pack on special
Glad To Be Green Sandwich Snaplock Plant Based Bags
40 pack on special
$3.50
save
$0.50
40 pack $0.09 per 1Ea
Unit Price
Add
1
for $3.50

Multix Greener Plant Based Sandwich Bags 30 pack on special
Multix Greener Plant Based Sandwich Bags
30 pack on special
$3.20
save
$0.80
30 pack $0.11 per 1Ea
Unit Price
Add
1
for $3.20

Coles 50% Plant Based Reseal Sandwich Bags 30 pack on special
Coles 50% Plant Based Reseal Sandwich Bags
30 pack on special
buy 2 for $6.00
2 for
$ 6
regular price
$3.50 ea
each
30 pack $0.12 per 1Ea
Unit Price
Add
2
for $6.00"	['/wcsstore/Coles-CAS/images/3/9/7/3975335-th.jpg', '/wcsstore/Coles-CAS/images/3/9/7/3975335_L-th.jpg', '/wcsstore/Coles-CAS/images/3/9/7/3975335_R-th.jpg', '/wcsstore/Coles-CAS/images/3/9/7/3975335_B-th.jpg']
Kellogg's	Rice Bubbles Puffed Rice Breakfast Cereal	$ 6 .00	410g	$1.46 per 100G	"Nutrition Facts
Serving size: 1 serving = 35g
Qty
Quantity
per serving Qty
Quantity
per 100g / 100ml %
Percentage
daily intake*
Energy 570kJ 1640kJ 7%
Protein 2.6g 7.4g 5%
Total Fat 0.5g 1.3g 0.60%
Saturated Fat 0.1g 0.2g 0.30%
Carbohydrate 29.8g 85.0g 10%
Sugars 2.9g 8.4g 3%
Dietary Fibre Total 0.8g 2.3g 3%
Sodium 147mg 420mg 6%
Folic Acid 50ug 142ug 25% RDI%*
Vitamin B2 0.42mg 1.21mg 25% RDI%*
Vitamin B3 2.5mg 7.1mg 25% RDI%*
Iron 3mg 8.6mg 25% RDI%*
Zinc 1.8mg 5.1mg 15% RDI%*
Vitamin B6 0.4mg 1.1mg 25% RDI%*
*Percentage Daily Intake per serving. Percentage Daily Intakes are based on an average adult diet of 8700 kJ. Your daily intakes may be higher or lower depending on your energy needs.
Disclaimer:
Product details, including nutritional information and country of origin, may change from time to time and so the product you receive in your order may not reflect the information on this page. Please check the packaging on any product you purchase and if it's not what you expected, feel free to return it for a full refund.
Details
Ingredients:
Whole white rice (91%), sugar, salt, barley malt extract, minerals (iron, zinc oxide), vitamins (niacin, riboflavin, vitamin B6, folate).
Contains:
Contains gluten. May contain wheat, peanuts, tree nuts.
Allergen:
May Be Present Tree Nuts, May Be Present Peanuts, Contains Gluten, May Be Present Wheat
Dietary:
No Artificial Flavours or Colours
Servings Per Pack:
11.0
Storage Instructions:
This product unopened will keep fresh at least until end of month indicated if stored in normal dry conditions.
Suitable for:
Suitable for vegans
Usage Instructions:
To open: Slide finger under tab and break seal left to right.
Size:
410g
Warning:
This product is sold by weight, not volume. Some settling of contents may have occurred during shipment and handling.
Code: 8495803P
8 4 9 5 8 0 3 P"	['/wcsstore/Coles-CAS/images/8/4/9/8495803-th.jpg', '/wcsstore/Coles-CAS/images/8/4/9/8495803_L-th.jpg', '/wcsstore/Coles-CAS/images/8/4/9/8495803_R-th.jpg', '/wcsstore/Coles-CAS/images/8/4/9/8495803_B-th.jpg']
Sanitarium	Weet Bix Breakfast Cereal	$ 4 .20	575g	$0.73 per 100G	"Nutrition Facts
Serving size: 1 serving = 31g
Qty
Quantity
per serving Qty
Quantity
per 100g / 100ml %
Percentage
daily intake*
Energy 459kJ 1480kJ
Not provided
Energy Cal 110Cal 355Cal
Not provided
Protein 3.8g 12.4g
Not provided
Total Fat 0.4g 1.3g
Not provided
Saturated Fat 0.1g 0.3g
Not provided
Trans 0.0g 0.0g
Not provided
Polyunsaturated 0.2g 0.8g
Not provided
Mono Unsaturated 0.1g 0.2g
Not provided
Carbohydrate 20.4g 65.9g
Not provided
Sugars 0.9g 3.0g
Not provided
Dietary Fibre Total 4.0g 12.9g
Not provided
Sodium 84mg 270mg
Not provided
Potassium 113mg 365mg
Not provided
Vitamin B1 0.55mg 1.77mg
Not provided
Vitamin B2 0.43mg 1.39mg
Not provided
Vitamin B3 2.5mg 8.1mg
Not provided
Iron 3.0mg 9.7mg
Not provided
Magnesium 32mg 103mg
Not provided
*Percentage Daily Intake per serving. Percentage Daily Intakes are based on an average adult diet of 8700 kJ. Your daily intakes may be higher or lower depending on your energy needs.
Disclaimer:
Product details, including nutritional information and country of origin, may change from time to time and so the product you receive in your order may not reflect the information on this page. Please check the packaging on any product you purchase and if it's not what you expected, feel free to return it for a full refund.
Details
Ingredients:
Wholegrain wheat (97%), raw sugar, salt, barley malt extract, vitamins (niacin, thiamin, riboflavin, folate), mineral (iron).
Contains:
Gluten (Barley), Wheat.
Allergen:
Contains Gluten, Contains Wheat, May Be Present Lupin
Dietary:
High in Fibre, Low in Sugar
Servings Per Pack:
18.0
Storage Instructions:
Store in a cool, dry place.
Usage Instructions:
To open slip, thumb under tab.
Size:
575g
Code: 2001784P
2 0 0 1 7 8 4 P"	['/wcsstore/Coles-CAS/images/2/0/0/2001784-th.jpg', '/wcsstore/Coles-CAS/images/2/0/0/2001784_L-th.jpg', '/wcsstore/Coles-CAS/images/2/0/0/2001784_R-th.jpg', '/wcsstore/Coles-CAS/images/2/0/0/2001784_B-th.jpg']
Sanitarium	Weet-Bix Breakfast Cereal	$ 6 .00	1.2kg	$0.50 per 100G	"Nutrition Facts
Serving size: 1 serving = 33g
Qty
Quantity
per serving Qty
Quantity
per 100g / 100ml %
Percentage
daily intake*
Energy 488kJ 1480kJ
Not provided
Energy Cal 117Cal 355Cal
Not provided
Protein 4.1g 12.4g
Not provided
Total Fat 0.4g 1.3g
Not provided
Saturated Fat 0.1g 0.3g
Not provided
Trans 0.0 0.0
Not provided
Polyunsaturated 0.3g 0.8g
Not provided
Mono Unsaturated 0.1g 0.2g
Not provided
Carbohydrate 21.7g 65.9g
Not provided
Sugars 1.0g 3.0g
Not provided
Dietary Fibre Total 4.3g 12.9g
Not provided
Sodium 89mg 270mg
Not provided
Potassium 120mg 365mg
Not provided
Folic Acid 74ug 224ug 37%
Vitamin B1 0.55mg 1.67mg 50%
Vitamin B2 0.43mg 1.31mg 25%
Vitamin B3 2.5mg 7.6mg 25%
Iron 3.0mg 9.1mg 25%
Magnesium 34mg 103mg 11%
*Percentage Daily Intake per serving. Percentage Daily Intakes are based on an average adult diet of 8700 kJ. Your daily intakes may be higher or lower depending on your energy needs.
Disclaimer:
Product details, including nutritional information and country of origin, may change from time to time and so the product you receive in your order may not reflect the information on this page. Please check the packaging on any product you purchase and if it's not what you expected, feel free to return it for a full refund.
Details
Ingredients:
Wholegrain wheat(97%), raw sugar, salt, barley malt extract, vitamins (niacin, thiamin, riboflavin, folate), mineral (iron).
Contains:
Gluten, Wheat. May contain: lupin.
Allergen:
Contains Barley, Contains Gluten, Contains Wheat, May Be Present Lupin
Dietary:
Low in Sugar
Servings Per Pack:
36.0
Storage Instructions:
Store in a cool dry place.
Size:
1.2kg
Warning:
Made in Australia from at least 99% Australian ingredients. 1% imported ingredients, including vitamins and minerals to help kick start your day.
Code: 9393015P
9 3 9 3 0 1 5 P
Customers also purchased
Coles Cereal Corn Flakes 475g
Coles Cereal Corn Flakes
475g
$1.90
Until 02 May 2023
475g $0.40 per 100G
Unit Price
Add
1
for $1.90

Uncle Tobys Cheerios Multigrains Cereal 580g
Uncle Tobys Cheerios Multigrains Cereal
580g
$7.50
580g $1.29 per 100G
Unit Price
4.1 (42)
4.1 out of 5 stars from 42 ratings received
Add
1
for $7.50"	['/wcsstore/Coles-CAS/images/9/3/9/9393015-th.jpg', '/wcsstore/Coles-CAS/images/9/3/9/9393015_L-th.jpg', '/wcsstore/Coles-CAS/images/9/3/9/9393015_R-th.jpg', '/wcsstore/Coles-CAS/images/9/3/9/9393015_B-th.jpg']
Kellogg's	Nutri-Grain Protein Breakfast Cereal	$ 7 .00	765g	$0.92 per 100G	"Nutrition Facts
Serving size: 1 serving = 40g
Qty
Quantity
per serving Qty
Quantity
per 100g / 100ml %
Percentage
daily intake*
Energy 650kJ 1630kJ 8%
Protein 8.7g 21.8g 17%
Total Fat 1.2g 3.0g 2%
Saturated Fat 0.2g 0.5g 0.80%
Carbohydrate 26.1g 65.2g 8%
Sugars 9.6g 24.0g 11%
Dietary Fibre Total 2.1g 5.3g 7%
Sodium 140mg 350mg 6%
Folic Acid 50ug 125ug 25% RDI*
Vitamin B2 0.42mg 1.06mg 25% RDI*
Vitamin B3 2.5mg 6.2mg 25% RDI*
Calcium 80mg 200mg 10% RDI*
Iron 3.0mg 7.5mg 25% RDI*
Zinc 1.8mg 4.5mg 15% RDI*
Vitamin B6 0.4mg 1.0mg 25% RDI*
*Percentage Daily Intake per serving. Percentage Daily Intakes are based on an average adult diet of 8700 kJ. Your daily intakes may be higher or lower depending on your energy needs.
Disclaimer:
Product details, including nutritional information and country of origin, may change from time to time and so the product you receive in your order may not reflect the information on this page. Please check the packaging on any product you purchase and if it's not what you expected, feel free to return it for a full refund.
Details
Ingredients:
Cereals (51%)(wheat flour, oatmeal [contains oats], maize flour), sugar, wheat protein, maltodextrin, molasses, oat fibre, vegetable gum (acacia gum), salt, barley malt extract, minerals (calcium carbonate, iron, zinc oxide), raising agent (potassium bicarbonate), natural flavours, natural colours (paprika, turmeric), vitamins (niacin, vitamin B6, riboflavin, folate).
Contains:
Contains wheat, gluten. May contain peanuts, treenuts.
Allergen:
May Be Present Tree Nuts, May Be Present Peanuts, Contains Gluten, Contains Wheat
Servings Per Pack:
19.0
Storage Instructions:
This product unopened will keep fresh at least until end of month indicated if stored in normal dry conditions.
Size:
765g
Code: 5103929P
5 1 0 3 9 2 9 P
Customers also purchased
Kellogg's Froot Loops Breakfast Cereal 460g on special
Kellogg's Froot Loops Breakfast Cereal
460g on special
$7.00
save
$2.50
460g $1.52 per 100G
Unit Price
Add
1
for $7.00

Kellogg's Crunchy Nut Corn Flakes Breakfast Cereal 640g on special
Kellogg's Crunchy Nut Corn Flakes Breakfast Cereal
640g on special
$7.00
save
$2.50
640g $1.09 per 100G
Unit Price
Add
1
for $7.00"	['/wcsstore/Coles-CAS/images/5/1/0/5103929-th.jpg', '/wcsstore/Coles-CAS/images/5/1/0/5103929_L-th.jpg', '/wcsstore/Coles-CAS/images/5/1/0/5103929_R-th.jpg', '/wcsstore/Coles-CAS/images/5/1/0/5103929_B-th.jpg']
Sanitarium	Weet-Bix Bites Wild Berry Cereal	$ 4 .50	500g	$0.90 per 100G	"Nutrition Facts
Serving size: 1 serving = 45g
Qty
Quantity
per serving Qty
Quantity
per 100g / 100ml %
Percentage
daily intake*
Energy 662kJ 1470kJ
Not provided
Energy Cal 158Cal 352Cal
Not provided
Protein 4.5g 10.0g
Not provided
Total Fat 0.4g 0.8g
Not provided
Saturated Fat 0.1g 0.2g
Not provided
Trans 0.0g 0.0g
Not provided
Polyunsaturated 0.2g 0.5g
Not provided
Mono Unsaturated 0.1g 0.2g
Not provided
Carbohydrate 32.0g 71.10g
Not provided
Sugars 9.8g 21.8g
Not provided
Dietary Fibre Total 3.8g 8.4g
Not provided
Sodium 131mg 290mg
Not provided
Potassium 117mg 259mg
Not provided
Vitamin B1 0.55mg 1.22mg 50%*
Vitamin B2 0.43mg 0.95mg 25%*
Vitamin B3 2.5mg 5.6 25%*
Iron 3.0mg 6.7mg 25%*
*Percentage Daily Intake per serving. Percentage Daily Intakes are based on an average adult diet of 8700 kJ. Your daily intakes may be higher or lower depending on your energy needs.
Disclaimer:
Product details, including nutritional information and country of origin, may change from time to time and so the product you receive in your order may not reflect the information on this page. Please check the packaging on any product you purchase and if it's not what you expected, feel free to return it for a full refund.
Details
Ingredients:
Wholegrain wheat (68%), sugar, invert sugar, humectant (glycerol), berry purees (3%) (strawberry, blackcurrant, raspberry, blueberry), honey, salt, wheat fibre, flavours, barley malt extract, gelling agent (pectin), acid (malic, citric), vitamins (niacin, thiamin, riboflavin, folate), mineral (iron).
Contains:
Gluten (barley), wheat.
Allergen:
Contains Barley, Contains Gluten, Contains Wheat, May Be Present Lupin
Servings Per Pack:
11.0
Storage Instructions:
Store in a cool, dry place.
Size:
500g
Code: 4951398P
4 9 5 1 3 9 8 P
Customers also purchased
Coles Cereal Corn Flakes 475g
Coles Cereal Corn Flakes
475g
$1.90
Until 02 May 2023
475g $0.40 per 100G
Unit Price
Add
1
for $1.90

Uncle Tobys Plus Protein Cereal 705g
Uncle Tobys Plus Protein Cereal
705g
$8.80
705g $1.25 per 100G
Unit Price
4.4 (12)
4.4 out of 5 stars from 12 ratings received
4more varieties
of Uncle Tobys Plus Protein Cereal 705g
Add
1
for $8.80

Sanitarium Weet-Bix Bites Crunchy Honey Cereal 510g
Sanitarium Weet-Bix Bites Crunchy Honey Cereal
510g
$4.50
Was $5.00 Jul 2022
510g $0.88 per 100G
Unit Price
Add
1
for $4.50

Uncle Tobys Fruity Bites Wildberry Flavour Cereal 500g on special
Uncle Tobys Fruity Bites Wildberry Flavour Cereal
500g on special
$5.00
save
$1.50
500g $1.00 per 100G
Unit Price
5.0 (1)
5.0 out of 5 stars from 1 ratings received
Add
1
for $5.00"	['/wcsstore/Coles-CAS/images/4/9/5/4951398-th.jpg', '/wcsstore/Coles-CAS/images/4/9/5/4951398_L-th.jpg', '/wcsstore/Coles-CAS/images/4/9/5/4951398_R-th.jpg', '/wcsstore/Coles-CAS/images/4/9/5/4951398_B-th.jpg']
Kellogg's	Coco Pops Chocolatey Breakfast Cereal	$ 7 .00	650g	$1.08 per 100G	"Nutrition Facts
Serving size: 1 serving = 30g
Qty
Quantity
per serving Qty
Quantity
per 100g / 100ml %
Percentage
daily intake*
Energy 490kJ 1640kJ 6%
Protein 1.7g 5.7g 3%
Total Fat 0.4g 1.2g 0.50%
Saturated Fat 0.1g 0.3g 0.40%
Carbohydrate 26.2g 87.4g 8%
Sugars 9.7g 32.4g 11%
Dietary Fibre Total 0.5g 1.7g 2%
Sodium 99mg 330mg 4%
Folic Acid 50ug 166.7ug 25% RDI*
Vitamin B2 0.42mg 1.42mg 25% RDI*
Vitamin B3 2.5mg 8.3mg 25% RDI*
Calcium 80mg 266mg 10% RDI*
Iron 3mg 10mg 25% RDI*
Zinc 1.8mg 6mg 15% RDI*
Vitamin B6 0.4mg 1.3mg 25% RDI*
*Percentage Daily Intake per serving. Percentage Daily Intakes are based on an average adult diet of 8700 kJ. Your daily intakes may be higher or lower depending on your energy needs.
Disclaimer:
Product details, including nutritional information and country of origin, may change from time to time and so the product you receive in your order may not reflect the information on this page. Please check the packaging on any product you purchase and if it's not what you expected, feel free to return it for a full refund.
Details
Ingredients:
Whole white rice (64%), sugar, cocoa (3%), minerals (calcium carbonate, iron, zinc oxide), salt, natural flavour, barley malt extract, vitamins (niacin, riboflavin, vitamin B6, folate).
Contains:
Contains gluten. May contain wheat, peanuts, tree nuts.
Allergen:
May Be Present Tree Nuts, May Be Present Peanuts, Contains Gluten, May Be Present Wheat
Servings Per Pack:
21.0
Storage Instructions:
This product unopened will keep fresh at least until end of month indicated if stored in normal dry conditions.
Suitable for:
Suitable for vegans
Usage Instructions:
To open: Slide finger under tab and break seal left to right
Size:
650g
Warning:
Nutrition info, recipes & promotions online www.kellogg.com.au This product is sold by weight, not volume. Some settling of contents may have occured during shipment and handling.
Code: 8494298P
8 4 9 4 2 9 8 P
Customers also purchased
Kellogg's Froot Loops Breakfast Cereal 285g on special
Kellogg's Froot Loops Breakfast Cereal
285g on special
buy 2 for $12.60
2 for
$ 12 .60
regular price
$7.00 ea
each
285g $2.46 per 100G
Unit Price
Add
2
for $12.60

Kellogg's Froot Loops Breakfast Cereal 460g on special
Kellogg's Froot Loops Breakfast Cereal
460g on special
$7.00
save
$2.50
460g $1.52 per 100G
Unit Price
Add
1
for $7.00

Kellogg's Crunchy Nut Corn Flakes Breakfast Cereal 640g on special
Kellogg's Crunchy Nut Corn Flakes Breakfast Cereal
640g on special
$7.00
save
$2.50
640g $1.09 per 100G
Unit Price
Add
1
for $7.00"	['/wcsstore/Coles-CAS/images/8/4/9/8494298-th.jpg', '/wcsstore/Coles-CAS/images/8/4/9/8494298_L-th.jpg', '/wcsstore/Coles-CAS/images/8/4/9/8494298_R-th.jpg', '/wcsstore/Coles-CAS/images/8/4/9/8494298_B-th.jpg']
Kellogg's	Corn Flakes Breakfast Cereal	$ 6 .50	725g	$0.90 per 100G	"Nutrition Facts
Serving size: 1 serving = 35g
Qty
Quantity
per serving Qty
Quantity
per 100g / 100ml %
Percentage
daily intake*
Energy 570kJ 1620kJ 7%
Protein 2.8g 7.9g 6%
Total Fat 0.6g 1.8g 0.9%
Saturated Fat 0.1g 0.3g 0.4%
Carbohydrate 28.5g 81.4g 9%
Sugars 3.1g 8.9g 3%
Dietary Fibre Total 1.5g 4.2g 5%
Sodium 169mg 485mg 7%
Folic Acid 50ug 142ug 25%
Vitamin B2 0.42mg 1.21mg 25%
Vitamin B3 2.5mg 7.1mg 25%
Iron 3mg 8.6mg 25%
Zinc 1.8mg 5.1mg 15%
Vitamin B6 0.4mg 1.1mg 25%
*Percentage Daily Intake per serving. Percentage Daily Intakes are based on an average adult diet of 8700 kJ. Your daily intakes may be higher or lower depending on your energy needs.
Disclaimer:
Product details, including nutritional information and country of origin, may change from time to time and so the product you receive in your order may not reflect the information on this page. Please check the packaging on any product you purchase and if it's not what you expected, feel free to return it for a full refund.
Details
Ingredients:
Corn (90%), sugar, salt, barley malt extract, vitamins (vitamin E, niacin, vitamin B6, riboflavin, folate), minerals (iron, zinc oxide).
Contains:
Contains gluten. May contain wheat, peanut, tree nuts.
Allergen:
May Be Present Tree Nuts, May Be Present Peanuts, Contains Gluten, May Be Present Wheat
Servings Per Pack:
20.0
Storage Instructions:
This product unopened will keep fresh at least until end of month indicated if stored in normal dry conditions.
Suitable for:
Suitable for vegans
Usage Instructions:
To open: Slide finger under tab and break seal left to right
Size:
725g
Warning:
This product is sold by weight, not volume. Some settling of contents may have occurred during shipment and handling.
Code: 8496249P
8 4 9 6 2 4 9 P
Customers also purchased
Nestle Nesquik Cereal 650g
Nestle Nesquik Cereal
650g
$8.80
650g $1.35 per 100G
Unit Price
Add
1
for $8.80

Kellogg's Gluten Free Corn Flakes Breakfast Cereal 270g
Kellogg's Gluten Free Corn Flakes Breakfast Cereal
270g
$4.50
Until 23 May 2023
Was $5.00 Jan 2023
270g $1.67 per 100G
Unit Price
1more variety
of Kellogg's Gluten Free Corn Flakes Breakfast Cereal 270g
Add
1
for $4.50"	['/wcsstore/Coles-CAS/images/8/4/9/8496249-th.jpg', '/wcsstore/Coles-CAS/images/8/4/9/8496249_L-th.jpg', '/wcsstore/Coles-CAS/images/8/4/9/8496249_R-th.jpg', '/wcsstore/Coles-CAS/images/8/4/9/8496249_B-th.jpg']
Sanitarium	Weet-Bix Bites Crunchy Honey Cereal	$ 4 .50	510g	$0.88 per 100G	"Disclaimer:
Product details, including nutritional information and country of origin, may change from time to time and so the product you receive in your order may not reflect the information on this page. Please check the packaging on any product you purchase and if it's not what you expected, feel free to return it for a full refund.
Details
Allergen:
May Be Present Sesame, May Be Present Tree Nuts, Contains Gluten, Contains Wheat, May Be Present Lupin
Code: 9623884P
9 6 2 3 8 8 4 P
Customers also purchased
Uncle Tobys Cheerios Honey Multigrain Cereal 570g
Uncle Tobys Cheerios Honey Multigrain Cereal
570g
$7.50
570g $1.32 per 100G
Unit Price
4.0 (24)
4.0 out of 5 stars from 24 ratings received
Add
1
for $7.50

Kellogg's Crunchy Nut Clusters Breakfast Cereal 450g
Kellogg's Crunchy Nut Clusters Breakfast Cereal
450g
$7.00
450g $1.56 per 100G
Unit Price
Add
1
for $7.00

Sanitarium Weet-Bix Bites Wild Berry Cereal 500g
Sanitarium Weet-Bix Bites Wild Berry Cereal
500g
$4.50
Was $5.00 Jul 2022
500g $0.90 per 100G
Unit Price
Add
1
for $4.50

Kellogg's Special K Gluten Free Breakfast Cereal 330g
Kellogg's Special K Gluten Free Breakfast Cereal
330g
$6.00
Until 23 May 2023
Was $7.00 Jan 2023
330g $1.82 per 100G
Unit Price
Add
1
for $6.00"	['/wcsstore/Coles-CAS/images/9/6/2/9623884-th.jpg', '/wcsstore/Coles-CAS/images/9/6/2/9623884_L-th.jpg', '/wcsstore/Coles-CAS/images/9/6/2/9623884_R-th.jpg', '/wcsstore/Coles-CAS/images/9/6/2/9623884_B-th.jpg']
Nestle	Whole Grain Energy & Fibre Milo Cereal Family Pack	$ 8 .80	700g	$1.26 per 100G	"Nutrition Facts
Serving size: 1 serving = 30g
Qty
Quantity
per serving Qty
Quantity
per 100g / 100ml %
Percentage
daily intake*
Energy 480kJ 1610kJ 6%
Protein 2.7g 9.1g 5%
Total Fat 1.4g 4.7g 2%
Saturated Fat 0.4g 1.3g 2%
Carbohydrate 21.5g 71.7g 7%
Sugars 8g 26.6g 9%
Dietary Fibre Total 2.3g 7.8g 8%
Sodium 36mg 120mg 2%
Folic Acid 60ug 200ug 30%
Vitamin B1 0.55mg 1.83mg 50%
Vitamin B2 0.43mg 1.42mg 25%
Vitamin B3 2.5mg 8.3mg 25%
Vitamin C 9.9mg 33mg 25%
Vitamin E 1mg 3.3mg 10%
Calcium 159mg 530mg 20%
Iron 3mg 10mg 25%
Zinc 1.8mg 6mg 15%
Vitamin B6 0.4mg 1.3mg 25%
*Percentage Daily Intake per serving. Percentage Daily Intakes are based on an average adult diet of 8700 kJ. Your daily intakes may be higher or lower depending on your energy needs.
Disclaimer:
Product details, including nutritional information and country of origin, may change from time to time and so the product you receive in your order may not reflect the information on this page. Please check the packaging on any product you purchase and if it's not what you expected, feel free to return it for a full refund.
Details
Ingredients:
Whole Grain Cereals (50%) [ Wheat (34%), Corn (16%)], Sugar, Formulated Supplementary Food Base: Milo (10%) [Malt Extract ( Barley And/Or Rice), Milk Powder, Sugar, Cocoa, Choc Malt Blend, Minerals (Calcium, Iron), Vitamins (C, B3, B6, B2, D, B12), Emulsifier ( Soy Lecithin)], Wheat Flour, Cocoa, Malt Extract ( Barley and Rice), Skimmed Milk Powder, Vegetable Oil, Flavours (Chocolate and Vanilla), Emulsifier ( Soy Lecithin), Salt. Vitamins and Minerals Minerals (Calcium, Iron, Zinc), Vitamins (C, E, Niacin, B1, B6, B2, Folic Acid) Contains Wheat, Gluten, Milk, Soy. May Contain Oats, Rye.
Allergen:
Contains Soybean, May Contain Rye, Contains Wheat, Contains Milk, May Contain Oats, Contains Cereals
Servings Per Pack:
23.0
Storage Instructions:
Store in A Cool Dry Place
Dimensions:
314 x 232 x 77mm
Size:
700g
Code: 9730410P
9 7 3 0 4 1 0 P
Customers also purchased
Kellogg's Coco Pops Chocolatey Breakfast Cereal 650g on special
Kellogg's Coco Pops Chocolatey Breakfast Cereal
650g on special
$7.00
save
$2.50
650g $1.08 per 100G
Unit Price
Add
1
for $7.00

Nestle Nesquik Cereal 650g
Nestle Nesquik Cereal
650g
$8.80
650g $1.35 per 100G
Unit Price
Add
1
for $8.80

Uncle Tobys Plus Muesli Flakes 820g
Uncle Tobys Plus Muesli Flakes
820g
$8.80
820g $1.07 per 100G
Unit Price
4.6 (59)
4.6 out of 5 stars from 59 ratings received
Add
1
for $8.80"	['/wcsstore/Coles-CAS/images/9/7/3/9730410-th.jpg', '/wcsstore/Coles-CAS/images/9/7/3/9730410_L-th.jpg', '/wcsstore/Coles-CAS/images/9/7/3/9730410_R-th.jpg', '/wcsstore/Coles-CAS/images/9/7/3/9730410_B-th.jpg']
Kellogg's	Froot Loops Breakfast Cereal	$ 7 .00	460g	$1.52 per 100G	"Nutrition Facts
Serving size: 1 serving = 30g
Qty
Quantity
per serving Qty
Quantity
per 100g / 100ml %
Percentage
daily intake*
Energy 500kJ 1680kJ 6%
Protein 1.6g 5.4g 3%
Total Fat 1.1g 3.6g 2%
Saturated Fat 0.3g 0.9g 1%
Carbohydrate 25.3g 84.3g 8%
Sugars 11.6g 38.8g 13%
Dietary Fibre Total 0.7g 2.4g 2%
Sodium 108mg 360mg 5%
Folic Acid 50ug 166ug 25% RDI*
Vitamin B2 0.42mg 1.42mg 25% RDI*
Vitamin B3 2.5mg 8.3mg 25% RDI*
Iron 3.0mg 10.0mg 25% RDI*
Zinc 1.8mg 6.0mg 15% RDI*
Vitamin B6 0.4mg 1.3mg 25% RDI*
*Percentage Daily Intake per serving. Percentage Daily Intakes are based on an average adult diet of 8700 kJ. Your daily intakes may be higher or lower depending on your energy needs.
Disclaimer:
Product details, including nutritional information and country of origin, may change from time to time and so the product you receive in your order may not reflect the information on this page. Please check the packaging on any product you purchase and if it's not what you expected, feel free to return it for a full refund.
Details
Ingredients:
Cereals (60%)(maize flour, wheat flour, oat flour), sugar, vegetable oil, salt, natural colours (paprika extract, carmine, curcumin, vegetable carbon, copper chlorophyll), minerals (iron, zinc oxide), vitamins (niacin, vitamin B6, riboflavin, folate), natural flavours (orange, lemon, lime).
Contains:
Contains gluten, wheat. May contain peanuts, tree nuts.
Allergen:
May Be Present Tree Nuts, May Be Present Peanuts, Contains Gluten, Contains Wheat
Dietary:
No Artificial Flavours or Colours
Servings Per Pack:
15.0
Storage Instructions:
This product unopened will keep fresh at least until end of month indicated if stored in normal dry conditions.
Size:
460g
Code: 5103248P
5 1 0 3 2 4 8 P
Customers also purchased
Kellogg's Coco Pops Chocolatey Breakfast Cereal 650g on special
Kellogg's Coco Pops Chocolatey Breakfast Cereal
650g on special
$7.00
save
$2.50
650g $1.08 per 100G
Unit Price
2more sizes and varieties
of Kellogg's Coco Pops Chocolatey Breakfast Cereal 650g on special
Add
1
for $7.00

Kellogg's Crispix Honey Pillows Breakfast Cereal 460g
Kellogg's Crispix Honey Pillows Breakfast Cereal
460g
$8.50
460g $1.85 per 100G
Unit Price
Add
1
for $8.50

Kellogg's Crunchy Nut Corn Flakes Breakfast Cereal 640g on special
Kellogg's Crunchy Nut Corn Flakes Breakfast Cereal
640g on special
$7.00
save
$2.50
640g $1.09 per 100G
Unit Price
Add
1
for $7.00"	['/wcsstore/Coles-CAS/images/5/1/0/5103248-th.jpg', '/wcsstore/Coles-CAS/images/5/1/0/5103248_L-th.jpg', '/wcsstore/Coles-CAS/images/5/1/0/5103248_R-th.jpg', '/wcsstore/Coles-CAS/images/5/1/0/5103248_B-th.jpg']
Kellogg's	Crunchy Nut Corn Flakes Breakfast Cereal	$ 7 .00	640g	$1.09 per 100G	"Nutrition Facts
Serving size: 1 serving = 35g
Qty
Quantity
per serving Qty
Quantity
per 100g / 100ml %
Percentage
daily intake*
Energy 590kJ 1700kJ 7%
Protein 2.6g 7.3g 5%
Total Fat 1.8g 5.2g 3%
Saturated Fat 0.2g 0.7g 1%
Carbohydrate 27.9g 79.6g 9%
Sugars 11.0g 31.3g 12%
Dietary Fibre Total 1.3g 3.7g 4%
Sodium 124mg 355mg 5%
Folic Acid 50ug 142ug 25%*
Vitamin B2 0.42mg 1.21mg 25% RDI*
Vitamin B3 2.5mg 7.1mg 25% RDI*
Iron 1.8mg 5.1mg 15% RDI*
Zinc 1.2mg 3.4mg 10% RDI*
Vitamin B6 0.2mg 0.7mg 15% RDI*
*Percentage Daily Intake per serving. Percentage Daily Intakes are based on an average adult diet of 8700 kJ. Your daily intakes may be higher or lower depending on your energy needs.
Disclaimer:
Product details, including nutritional information and country of origin, may change from time to time and so the product you receive in your order may not reflect the information on this page. Please check the packaging on any product you purchase and if it's not what you expected, feel free to return it for a full refund.
Details
Ingredients:
Corn (60%), sugar, peanuts (7%), honey (2%), molasses, salt, barley malt extract, vitamins (vitamin E, niacin, vitamin B6, riboflavin, folate), minerals (iron, zinc oxide).
Contains:
Contains gluten, peanuts. May contain wheat, tree nuts.
Allergen:
May Be Present Tree Nuts, Contains Gluten, May Be Present Wheat, Contains Peanuts
Dietary:
Source of Iron, No Artificial Flavours or Colours
Servings Per Pack:
18.0
Storage Instructions:
This product unopened will keep fresh at least until end of month indicated if stored in normal dry conditions.
Size:
640g
Code: 5116239P
5 1 1 6 2 3 9 P
Customers also purchased
Kellogg's Coco Pops Chex Chocolatey Breakfast Cereal 500g
Kellogg's Coco Pops Chex Chocolatey Breakfast Cereal
500g
$9.00
500g $1.80 per 100G
Unit Price
2more varieties
of Kellogg's Coco Pops Chex Chocolatey Breakfast Cereal 500g
Add
1
for $9.00

Kellogg's Coco Pops Chocolatey Breakfast Cereal 650g on special
Kellogg's Coco Pops Chocolatey Breakfast Cereal
650g on special
$7.00
save
$2.50
650g $1.08 per 100G
Unit Price
2more sizes and varieties
of Kellogg's Coco Pops Chocolatey Breakfast Cereal 650g on special
Add
1
for $7.00

Kellogg's Froot Loops Breakfast Cereal 460g on special
Kellogg's Froot Loops Breakfast Cereal
460g on special
$7.00
save
$2.50
460g $1.52 per 100G
Unit Price
Add
1
for $7.00"	['/wcsstore/Coles-CAS/images/5/1/1/5116239-th.jpg', '/wcsstore/Coles-CAS/images/5/1/1/5116239_L-th.jpg', '/wcsstore/Coles-CAS/images/5/1/1/5116239_R-th.jpg', '/wcsstore/Coles-CAS/images/5/1/1/5116239_B-th.jpg']
Kellogg's	Coco Pops Chocolatey Breakfast Cereal	$ 7 .00	375g	$1.87 per 100G	"Nutrition Facts
Serving size: 1 serving = 30g
Qty
Quantity
per serving Qty
Quantity
per 100g / 100ml %
Percentage
daily intake*
Energy 490kJ 1640kJ 6%
Protein 1.7g 5.7g 3%
Total Fat 0.4g 1.2g 0.50%
Saturated Fat 0.1g 0.3g 0.40%
Carbohydrate 26.2g 87.4g 8%
Sugars 9.7g 32.4g 11%
Dietary Fibre Total 0.5g 1.7g 2%
Sodium 99mg 330mg 4%
Folic Acid 50ug 166ug 25% RDI%*
Vitamin B2 0.42mg 1.42mg 25% RDI%*
Vitamin B3 2.5mg 8.3mg 25% RDI%*
Calcium 80mg 266mg 10% RDI%*
Iron 3mg 10mg 25% RDI%*
Zinc 1.8mg 6mg 15% RDI%*
Vitamin B6 0.4mg 1.3mg 25% RDI%*
*Percentage Daily Intake per serving. Percentage Daily Intakes are based on an average adult diet of 8700 kJ. Your daily intakes may be higher or lower depending on your energy needs.
Disclaimer:
Product details, including nutritional information and country of origin, may change from time to time and so the product you receive in your order may not reflect the information on this page. Please check the packaging on any product you purchase and if it's not what you expected, feel free to return it for a full refund.
Details
Ingredients:
Whole white rice (64%), sugar, cocoa (3%), minerals (calcium carbonate, iron, zinc oxide), salt, natural flavour, barley malt extract, vitamins (niacin, riboflavin, vitamin B6, folate).
Contains:
Contains gluten. May contain wheat, peanuts, tree nuts.
Allergen:
May Be Present Tree Nuts, May Be Present Peanuts, Contains Gluten, May Be Present Wheat
Servings Per Pack:
12.0
Storage Instructions:
This product unopened will keep fresh at least until end of month indicated if stored in normal dry conditions.
Suitable for:
Suitable for vegans
Usage Instructions:
To open: Slide finger under tab and break seal left to right.
Size:
375g
Warning:
Nutrition info, recipes & promotions online www.kellogg.com.au This product is sold by weight, not volume. Some settling of contents may have occurred during shipment and handling.
Code: 8490209P
8 4 9 0 2 0 9 P"	['/wcsstore/Coles-CAS/images/8/4/9/8490209-th.jpg', '/wcsstore/Coles-CAS/images/8/4/9/8490209_L-th.jpg', '/wcsstore/Coles-CAS/images/8/4/9/8490209_R-th.jpg', '/wcsstore/Coles-CAS/images/8/4/9/8490209_B-th.jpg']
Kellogg's	Just Right Breakfast Cereal With Whole Grains Apricot Pieces And Sultanas	$ 7 .00	740g	$0.95 per 100G	"Nutrition Facts
Serving size: 1 serving = 40g
Qty
Quantity
per serving Qty
Quantity
per 100g / 100ml %
Percentage
daily intake*
Energy 600kJ 1510kJ 7%
Protein 3.2g 7.9g 6%
Total Fat 0.9g 2.3g 1%
Saturated Fat 0.2g 0.6g 1%
Carbohydrate 28.4g 70.9g 9%
Sugars 9.2g 22.9g 10%
Dietary Fibre Total 4.0g 10.0g 13%
Sodium 12mg 30mg 0.50%
Folic Acid 50ug 125ug 25% RDI*
Vitamin B2 0.42mg 1.06mg 25% RDI*
Vitamin B3 2.5mg 6.2mg 25% RDI*
Iron 3.0mg 7.5mg 25% RDI*
Zinc 1.2mg 3.0mg 10% RDI*
Vitamin B6 0.4mg 1.0mg 25% RDI*
*Percentage Daily Intake per serving. Percentage Daily Intakes are based on an average adult diet of 8700 kJ. Your daily intakes may be higher or lower depending on your energy needs.
Disclaimer:
Product details, including nutritional information and country of origin, may change from time to time and so the product you receive in your order may not reflect the information on this page. Please check the packaging on any product you purchase and if it's not what you expected, feel free to return it for a full refund.
Details
Ingredients:
Whole grains (64%)(wheat, oats), fruit (sultanas [12%], apricot pieces [5%] [concentrated apricot puree, concentrated apple puree, invert sugar, humectant (glycerol), sugar, wheat fibre, gelling agent (pectin), acidity regulator (296), natural flavour, colours (turmeric, paprika)]), sugar, puffed triticale (wheat), wheat flour, barley malt extract, salt, natural flavour, minerals (iron, zinc oxide), vitamins (niacin, vitamin B6, riboflavin, folate).
Contains:
Contains gluten, wheat. May contain peanuts, tree nuts.
Allergen:
May Be Present Tree Nuts, May Be Present Peanuts, Contains Gluten, Contains Wheat
Dietary:
High in Fibre
Servings Per Pack:
18.0
Storage Instructions:
This product unopened will keep fresh at least until end of month indicated if stored in normal dry conditions.
Size:
740g
Code: 5103634P
5 1 0 3 6 3 4 P
Customers also purchased
Kellogg's Just Right Breakfast Cereal With Whole Grains Apricot Pieces And Sultanas 460g
Kellogg's Just Right Breakfast Cereal With Whole Grains Apricot Pieces And Sultanas
460g
$7.00
460g $1.52 per 100G
Unit Price
Add
1
for $7.00

Kellogg's Crunchy Nut Corn Flakes Breakfast Cereal 640g on special
Kellogg's Crunchy Nut Corn Flakes Breakfast Cereal
640g on special
$7.00
save
$2.50
640g $1.09 per 100G
Unit Price
Add
1
for $7.00"	['/wcsstore/Coles-CAS/images/5/1/0/5103634-th.jpg', '/wcsstore/Coles-CAS/images/5/1/0/5103634_L-th.jpg', '/wcsstore/Coles-CAS/images/5/1/0/5103634_R-th.jpg', '/wcsstore/Coles-CAS/images/5/1/0/5103634_B-th.jpg']
Uncle Tobys	Quick Oats Porridge	$ 5 .00	1kg	$0.50 per 100G	"Disclaimer:
Product details, including nutritional information and country of origin, may change from time to time and so the product you receive in your order may not reflect the information on this page. Please check the packaging on any product you purchase and if it's not what you expected, feel free to return it for a full refund.
Details
Ingredients:
Contains Gluten Containing Ingredients . 100% Uncle Tobys Whole Grain Rolled Oats . May Contain Other Gluten Containing Ingredients and Lupin
Allergen:
May Contain Barley, May Contain Rye, May Contain Wheat, May Contain Lupin, Contains Gluten, Contains Oats
Servings Per Pack:
25.0
Storage Instructions:
Store in A Cool Dry Place
Dimensions:
256 x 140 x 71mm
Size:
1kg
Preparation Instructions:
Delicious Porridge - Made Easy! We Recommend Microwave Cooking for Uncle Tobys Quick Oats. for Stove Top Cooking, We Recommend Uncle Tobys Traditional Oats Microwave Makes 1 Serve: 1/2 Cup of Oats 3/4 Cup of Water Or 2/3 Cup Skim Milk
Combine Ingredients in A Bowl.
Heat On High for 2 Minutes.
Stir and Enjoy! Caution: Bowl Will Be Very Hot! Directions Have Been Tested Using A 1000 Watt Microwave Oven and Are Given As A Guide Only. Stove Top Makes 3 Serves: 1 1/2 Cups of Oats 3 1/3 Cups of Water (Or Skim Milk)
Combine Ingredients in A Pan and Stir Well.
Bring To Boil, Stir Then Boil for 1 Minute Until Oats Are Thick and Creamy Add A Dash of Reduced Fat Or Skim Milk After Cooking for Even Creamier Oats!
Code: 152009P
1 5 2 0 0 9 P
Customers also purchased
Uncle Tobys Oats Quick Sachets Breakfast Cereal Creamy Honey Big Bowl 368g
Uncle Tobys Oats Quick Sachets Breakfast Cereal Creamy Honey Big Bowl
368g
$6.50
368g $1.77 per 100G
Unit Price
Add
1
for $6.50

Uncle Tobys Oats Quick Sachets Breakfast Cereal Original 680g
Uncle Tobys Oats Quick Sachets Breakfast Cereal Original
680g
$9.50
Until 15 Aug 2023
680g $1.40 per 100G
Unit Price
Add
1
for $9.50

Uncle Tobys Oats Quick Sachets Creamy Vanilla 350g
Uncle Tobys Oats Quick Sachets Creamy Vanilla
350g
$6.30
350g $1.80 per 100G
Unit Price
5.0 (1)
5.0 out of 5 stars from 1 ratings received
Add
1
for $6.30

Uncle Tobys Oats Quick Sachets Breakfast Cereal Creamy Honey 700g
Uncle Tobys Oats Quick Sachets Breakfast Cereal Creamy Honey
700g
$9.50
Until 15 Aug 2023
700g $1.36 per 100G
Unit Price
Add
1
for $9.50

Quick Oats Porridge"	['/wcsstore/Coles-CAS/images/1/5/2/152009-th.jpg', '/wcsstore/Coles-CAS/images/1/5/2/152009_L-th.jpg', '/wcsstore/Coles-CAS/images/1/5/2/152009_R-th.jpg', '/wcsstore/Coles-CAS/images/1/5/2/152009_B-th.jpg']
Uncle Tobys	Cheerios Multigrains Cereal	$ 7 .50	580g	$1.29 per 100G	"Nutrition Facts
Serving size: 1 serving = 30 g
Qty
Quantity
per serving Qty
Quantity
per 100g / 100ml %
Percentage
daily intake*
Energy 490 kJ 1620 kJ 6%
Protein 2.1 g 7 g 4%
Total Fat 1.2g 3.8 g 2%
Saturated Fat 0.2 g 0.6 g 1%
Carbohydrate 23 g 76.7 g 7%
Sugars 4.4 g 14.6 g 5%
Dietary Fibre Total 2.1 g 7.1 g 7%
Sodium 80 mg 265 mg 3%
Folic Acid 60 ug 200 ug 30%
Vitamin B1 0.55 mg 1.83 mg 50%
Vitamin B2 0.43 mg 1.43 mg 25%
Vitamin B3 2.5 mg 8.3 mg 25%
Vitamin C 10 mg 33.3 mg 25%
Vitamin E 1 mg 3.3 mg 10%
Calcium 120 mg 400 mg 15%
Iron 3 mg 10 mg 25%
Zinc 1.8 mg 6 mg 15%
Vitamin B6 0.4 mg 1.3 mg 25%
*Percentage Daily Intake per serving. Percentage Daily Intakes are based on an average adult diet of 8700 kJ. Your daily intakes may be higher or lower depending on your energy needs.
Disclaimer:
Product details, including nutritional information and country of origin, may change from time to time and so the product you receive in your order may not reflect the information on this page. Please check the packaging on any product you purchase and if it's not what you expected, feel free to return it for a full refund.
Details
Ingredients:
Whole Grain Cereals (67%) [ Wheat (33%), Corn (25%), Oats (4.5%), Rice (4.5%)], Wheat Starch, Sugar, Golden Syrup, Vegetable Oil, Colours (Caramel I, Annatto), Salt Blend [Salt, Mineral Sea Salts (508, 511)], Acidity Regulator (Trisodium Phosphate). Vitamins and Minerals: Minerals (Calcium, Iron, Zinc), Vitamins (C, Niacin, E, B1, B6, B2, Folic Acid) Contains Gluten, Wheat. May Contain Barley, Rye, Milk, Soy.
Contains:
Gluten containing ingredients, Wheat, Oats,
Allergen:
May Be Present Barley, May Be Present Soybean, May Be Present Rye, May Be Present Milk, Contains Wheat, Contains Oats, Contains Cereals Containing Gluten
Servings Per Pack:
19.0
Storage Instructions:
Store in A Cool Dry Place
Usage Instructions:
Enjoy a serving of Uncle Toby's Cheerios Cereal with 125ml reduced fat milk, a piece of fresh fruit and a glass of water.
Size:
580 g
Preparation Instructions:
Enjoy a bowl of Uncle Tobys Cheerios Cereal with hot or cold milk.
Code: 1175145P
1 1 7 5 1 4 5 P
Customers also purchased
Uncle Tobys Fruity Bites Wildberry Flavour Cereal 500g on special
Uncle Tobys Fruity Bites Wildberry Flavour Cereal
500g on special
$5.00
save
$1.50
500g $1.00 per 100G
Unit Price
5.0 (1)
5.0 out of 5 stars from 1 ratings received
Add
1
for $5.00

Uncle Tobys Goodness Bowl Fruity Pillows Choco Berry Flavour 500g
Uncle Tobys Goodness Bowl Fruity Pillows Choco Berry Flavour
500g
$6.50
500g $1.30 per 100G
Unit Price
5.0 (1)
5.0 out of 5 stars from 1 ratings received
Add
1
for $6.50

Cheerios Multigrains Cereal"	['/wcsstore/Coles-CAS/images/1/1/7/1175145-th.jpg', '/wcsstore/Coles-CAS/images/1/1/7/1175145_L-th.jpg', '/wcsstore/Coles-CAS/images/1/1/7/1175145_R-th.jpg', '/wcsstore/Coles-CAS/images/1/1/7/1175145_B-th.jpg']
Uncle Tobys	Traditional Porridge Oats	$ 5 .00	1kg	$0.50 per 100G	"Disclaimer:
Product details, including nutritional information and country of origin, may change from time to time and so the product you receive in your order may not reflect the information on this page. Please check the packaging on any product you purchase and if it's not what you expected, feel free to return it for a full refund.
Details
Ingredients:
Contains Gluten Containing Ingredients . 100% Uncle Tobys Whole Grain Rolled Oats . May Contain Other Gluten Containing Ingredients and Lupin.
Allergen:
May Contain Barley, May Contain Rye, May Contain Wheat, May Contain Lupin, Contains Gluten, Contains Oats
Servings Per Pack:
25.0
Storage Instructions:
Store in A Cool Dry Place
Dimensions:
256 x 140 x 71mm
Size:
1kg
Preparation Instructions:
Delicious Porridge - Made Easy! We Recommend Stove Top Cooking for Uncle Tobys Rolled Oats Traditional. for Microwave Cooking, We Recommend Uncle Tobys Quick Oats. Stove Top Makes 3 Serves: 1 1/2 Cup of Oats 3 1/3 Cups of Water (Or Skim Milk)
Combine Ingredients in A Pan and Stir Well.
Bring To Boil, Stir, Then Boil for 5 Minutes Until Oats Are Thick and Creamy. Add A Dash of Reduced Fat Or Skim Milk After Cooking for Even Creamier Oats! Microwave Makes 1 Serve: 1/2 Cup of Oats 3/4 Cup of Water Or 2/3 Cup Skim Milk
Combine Ingredients in A Bowl.
Heat On High for 1 1/2 Minutes.
Stir and Cook for A Further 1 Minute. Caution: Bowl Will Be Very Hot! Directions Have Been Tested Using A 1000 Watt Microwave Oven and Are Given As A Guide Only.
Code: 254971P
2 5 4 9 7 1 P
Customers also purchased
Uncle Tobys Quick Oats Porridge 1kg on special
Uncle Tobys Quick Oats Porridge
1kg on special
$5.00
1kg $0.50 per 100G
Unit Price
5.0 (1)
5.0 out of 5 stars from 1 ratings received
5more sizes and varieties
of Uncle Tobys Quick Oats Porridge 1kg on special
Add
1
for $5.00

Carman's Gourmet Porridge Sachet Super Berry & Coconut 320g
Carman's Gourmet Porridge Sachet Super Berry & Coconut
320g
$6.50
320g $2.03 per 100G
Unit Price
Add
1
for $6.50

Red Tractor Wheat Free Rolled Oats 600g
Red Tractor Wheat Free Rolled Oats
600g
$6.50
Until 02 May 2023
600g $1.08 per 100G
Unit Price
Add
1
for $6.50

Uncle Tobys Oats Quick Sachets Breakfast Cereal Original 680g
Uncle Tobys Oats Quick Sachets Breakfast Cereal Original
680g
$9.50
Until 15 Aug 2023
680g $1.40 per 100G
Unit Price
Add
1
for $9.50

Traditional Porridge Oats"	['/wcsstore/Coles-CAS/images/2/5/4/254971-th.jpg', '/wcsstore/Coles-CAS/images/2/5/4/254971_L-th.jpg', '/wcsstore/Coles-CAS/images/2/5/4/254971_R-th.jpg', '/wcsstore/Coles-CAS/images/2/5/4/254971_B-th.jpg']
Sanitarium	Weet-Bix Gluten Free Cereal	$ 4 .80	375g	$1.28 per 100G	"Nutrition Facts
Serving size: 1 serving = 30g
Qty
Quantity
per serving Qty
Quantity
per 100g / 100ml %
Percentage
daily intake*
Energy 462kJ 1540kJ
Not provided
Energy Cal 111 Cal 370 Cal
Not provided
Protein 3.2g 10.8g
Not provided
Total Fat 0.9g 3.1g
Not provided
Saturated Fat 0.2g 0.6g
Not provided
Trans 0.0g 0.0g
Not provided
Polyunsaturated 0.4g 1.3g
Not provided
Mono Unsaturated 0.4g
Not provided
Not provided
Carbohydrate 20.9g 69.5g
Not provided
Sugars 0.8g 2.5g
Not provided
Dietary Fibre Total 2.4g 8.1g
Not provided
Sodium 69mg 230mg
Not provided
Potassium 98mg 327mg
Not provided
Vitamin B1 0.55mg 1.83mg (50%)*
Vitamin B2 0.43mg 1.43mg (25%)*
Vitamin B3 2.5mg 8.3mg (25%)*
Vitamin E 2.5mg 8.3mg (25%)*
Iron 1.2mg 3.9mg (10%)*
Magnesium 32mg 106mg (10%)*
Selenium 15ug 50ug (21%)*
*Percentage Daily Intake per serving. Percentage Daily Intakes are based on an average adult diet of 8700 kJ. Your daily intakes may be higher or lower depending on your energy needs.
Disclaimer:
Product details, including nutritional information and country of origin, may change from time to time and so the product you receive in your order may not reflect the information on this page. Please check the packaging on any product you purchase and if it's not what you expected, feel free to return it for a full refund.
Details
Ingredients:
Wholegrain sorghum (96%), golden syrup, salt, vitamins (E, niacin, thiamin, riboflavin, folate).
Dietary:
Low in Sugar, Source of Dietary Fibre
Servings Per Pack:
12.0
Storage Instructions:
Store in a cool, dry place.
Size:
375g
Code: 2001365P
2 0 0 1 3 6 5 P
Customers also purchased
Coles Mighty Grain Cereal 560g
Coles Mighty Grain Cereal
560g
$4.50
Until 02 May 2023
560g $0.80 per 100G
Unit Price
Add
1
for $4.50

Kellogg's Gluten Free Corn Flakes Breakfast Cereal 270g
Kellogg's Gluten Free Corn Flakes Breakfast Cereal
270g
$4.50
Until 23 May 2023
Was $5.00 Jan 2023
270g $1.67 per 100G
Unit Price
1more variety
of Kellogg's Gluten Free Corn Flakes Breakfast Cereal 270g
Add
1
for $4.50

Kellogg's Special K Gluten Free Breakfast Cereal 330g
Kellogg's Special K Gluten Free Breakfast Cereal
330g
$6.00
Until 23 May 2023
Was $7.00 Jan 2023
330g $1.82 per 100G
Unit Price
3more varieties
of Kellogg's Special K Gluten Free Breakfast Cereal 330g
Add
1
for $6.00

Kellogg's Special K High Protein Breakfast Cereal 380g
Kellogg's Special K High Protein Breakfast Cereal
380g
$7.00
380g $1.84 per 100G
Unit Price
Add
1
for $7.00"	['/wcsstore/Coles-CAS/images/2/0/0/2001365-th.jpg', '/wcsstore/Coles-CAS/images/2/0/0/2001365_L-th.jpg', '/wcsstore/Coles-CAS/images/2/0/0/2001365_R-th.jpg', '/wcsstore/Coles-CAS/images/2/0/0/2001365_B-th.jpg']
Kellogg's	Crunchy Nut Corn Flakes Breakfast Cereal	$ 6 .50	380g	$1.71 per 100G	"Nutrition Facts
Serving size: 1 serving = 35g
Qty
Quantity
per serving Qty
Quantity
per 100g / 100ml %
Percentage
daily intake*
Energy 590kJ 1700kJ 7%
Protein 2.6g 7.3g 5%
Total Fat 1.8g 5.2g 3%
Saturated Fat 0.2g 0.7g 1%
Carbohydrate 27.9g 79.6g 9%
Sugars 11g 31.3g 12%
Dietary Fibre Total 1.3g 3.7g 4%
Sodium 124mg 355mg 5%
Folic Acid 50ug 142ug 25% RDI*
Vitamin B2 0.42mg 1.21mg 25% RDI*
Vitamin B3 2.5mg 7.1mg 25% RDI*
Iron 1.8mg 5.1mg 15% RDI*
Zinc 1.2mg 3.4mg 10% RDI*
Vitamin B6 0.2mg 0.7mg 15% RDI*
*Percentage Daily Intake per serving. Percentage Daily Intakes are based on an average adult diet of 8700 kJ. Your daily intakes may be higher or lower depending on your energy needs.
Disclaimer:
Product details, including nutritional information and country of origin, may change from time to time and so the product you receive in your order may not reflect the information on this page. Please check the packaging on any product you purchase and if it's not what you expected, feel free to return it for a full refund.
Details
Ingredients:
Corn (60%), sugar, peanuts (7%), honey (2%), molasses, salt, barley malt extract, vitamins (vitamin E, niacin, vitamin B6, riboflavin, folate), minerals (iron, zinc oxide).
Contains:
Contains gluten, peanuts. May contain wheat, tree nuts.
Allergen:
May Be Present Tree Nuts, Contains Gluten, May Be Present Wheat, Contains Peanuts
Servings Per Pack:
10.0
Storage Instructions:
This product unopened will keep fresh at least until end of month indicated if stored in normal dry conditions.
Usage Instructions:
To Open: Slide finger under tab and break seal left to right.
Size:
380g
Code: 8492044P
8 4 9 2 0 4 4 P
Customers also purchased
Kellogg's Coco Pops Chocolatey Breakfast Cereal 375g
Kellogg's Coco Pops Chocolatey Breakfast Cereal
375g
$7.00
375g $1.87 per 100G
Unit Price
Add
1
for $7.00

Kellogg's Nutri-Grain Protein Breakfast Cereal 290g on special
Kellogg's Nutri-Grain Protein Breakfast Cereal
290g on special
buy any 2 for $12.00
Any 2
$ 12
regular price
$6.70 ea
each
290g $2.31 per 100G
Unit Price
Pick any 2 for $12.00 ...

Kellogg's Just Right Breakfast Cereal With Whole Grains Apricot Pieces And Sultanas 460g
Kellogg's Just Right Breakfast Cereal With Whole Grains Apricot Pieces And Sultanas
460g
$7.00
460g $1.52 per 100G
Unit Price
Add
1
for $7.00

Kellogg's Froot Loops Breakfast Cereal 285g on special
Kellogg's Froot Loops Breakfast Cereal
285g on special
buy 2 for $12.60
2 for
$ 12 .60
regular price
$7.00 ea
each
285g $2.46 per 100G
Unit Price
Add
2
for $12.60"	['/wcsstore/Coles-CAS/images/8/4/9/8492044-th.jpg', '/wcsstore/Coles-CAS/images/8/4/9/8492044_L-th.jpg', '/wcsstore/Coles-CAS/images/8/4/9/8492044_R-th.jpg', '/wcsstore/Coles-CAS/images/8/4/9/8492044_B-th.jpg']
Kellogg's	All-Bran Original High Fibre Breakfast Cereal	$ 7 .50	530g	$1.42 per 100G	"Nutrition Facts
Serving size: 1 serving = 45g
Qty
Quantity
per serving Qty
Quantity
per 100g / 100ml %
Percentage
daily intake*
Energy 640kJ 1420kJ 7%
Protein 6.3g 14.1g 13%
Total Fat 2.1g 4.6g 3%
Saturated Fat 0.4g 0.9g 2%
Carbohydrate 20.7g 46g 7%
Sugars 7.1g 15.7g 8%
Dietary Fibre Total 12.6g 28g 42%
Sodium 148mg 330mg 6%
Folic Acid 50ug 111ug 25%
Vitamin B2 0.42mg 0.94mg 25%
Vitamin B3 2.5mg 5.6mg 25%
Iron 3mg 6.7mg 25%
Magnesium 64mg 142mg 20%
Zinc 1.8mg 4mg 15%
Vitamin B6 0.4mg 0.9mg 25%
*Percentage Daily Intake per serving. Percentage Daily Intakes are based on an average adult diet of 8700 kJ. Your daily intakes may be higher or lower depending on your energy needs.
Disclaimer:
Product details, including nutritional information and country of origin, may change from time to time and so the product you receive in your order may not reflect the information on this page. Please check the packaging on any product you purchase and if it's not what you expected, feel free to return it for a full refund.
Details
Ingredients:
Wheat bran (85%), sugar, barley malt extract, salt, minerals (iron, zinc oxide), vitamins (niacin, vitamin B6, riboflavin, folate). (Natural source of magnesium).
Contains:
Contains gluten, wheat. May contain peanut, tree nuts.
Allergen:
May Be Present Tree Nuts, May Be Present Peanuts, Contains Gluten, Contains Wheat
Servings Per Pack:
11.0
Storage Instructions:
This product unopened will keep fresh at least until end of month indicated if stored in normal dry conditions.
Suitable for:
Suitable for vegans
Usage Instructions:
To open: Slide finger under tab and break seal left to right.
Size:
530g
Warning:
This product is sold by weight, not volume. Some settling of contents may have occured during shipment and handling.
Code: 8491915P
8 4 9 1 9 1 5 P
Customers also purchased
Kellogg's All-Bran Wheat Flakes Breakfast Cereal 330g
Kellogg's All-Bran Wheat Flakes Breakfast Cereal
330g
$6.00
330g $1.82 per 100G
Unit Price
Add
1
for $6.00

Kellogg's All-Bran Wheat Flakes Honey Almond Breakfast Cereal 420g
Kellogg's All-Bran Wheat Flakes Honey Almond Breakfast Cereal
420g
$7.50
420g $1.79 per 100G
Unit Price
Add
1
for $7.50

Sanitarium Weet-Bix Hi-Bran Cereal 750g on special
Sanitarium Weet-Bix Hi-Bran Cereal
750g on special
$5.00
save
$1.20
750g $0.67 per 100G
Unit Price
Add
1
for $5.00

Kellogg's Special K Original Breakfast Cereal with Grain Based Protein 300g
Kellogg's Special K Original Breakfast Cereal with Grain Based Protein
300g
$6.50
300g $2.17 per 100G
Unit Price
3more varieties
of Kellogg's Special K Original Breakfast Cereal with Grain Based Protein 300g
Add
1
for $6.50"	['/wcsstore/Coles-CAS/images/8/4/9/8491915-th.jpg', '/wcsstore/Coles-CAS/images/8/4/9/8491915_L-th.jpg', '/wcsstore/Coles-CAS/images/8/4/9/8491915_R-th.jpg', '/wcsstore/Coles-CAS/images/8/4/9/8491915_B-th.jpg']
Sanitarium	Weet Bix	$ 3 .50	375g	$0.93 per 100G	"Nutrition Facts
Serving size: 1 serving = 31g
Qty
Quantity
per serving Qty
Quantity
per 100g / 100ml %
Percentage
daily intake*
Energy 459kJ 1480kJ
Not provided
Energy Cal 110Cal 355Cal
Not provided
Protein 3.8g 12.4g
Not provided
Total Fat 0.4g 1.3g
Not provided
Saturated Fat 0.1g 0.3g
Not provided
Trans 0.0g 0.0g
Not provided
Polyunsaturated 0.2g 0.8g
Not provided
Mono Unsaturated 0.1g 0.2g
Not provided
Carbohydrate 20.4g 65.9g
Not provided
Sugars 0.9g 3.0g
Not provided
Dietary Fibre Total 4.0g 12.9g
Not provided
Sodium 84mg 270mg
Not provided
Potassium 113mg 365mg
Not provided
Folic Acid 69ug 224ug 35%
Vitamin B1 0.55mg 1.77mg 50%
Vitamin B2 0.43mg 1.39mg 25%
Vitamin B3 2.5mg 8.1mg 25%
Iron 3.0mg 9.7mg 25%
Magnesium 32mg 103mg 10%
*Percentage Daily Intake per serving. Percentage Daily Intakes are based on an average adult diet of 8700 kJ. Your daily intakes may be higher or lower depending on your energy needs.
Disclaimer:
Product details, including nutritional information and country of origin, may change from time to time and so the product you receive in your order may not reflect the information on this page. Please check the packaging on any product you purchase and if it's not what you expected, feel free to return it for a full refund.
Details
Ingredients:
Wholegrain Wheat (97%), Raw Sugar, Salt, Barley Malt Extract, Vitamins (Niacin, Thiamin, Riboflavin, Folate), Mineral (Iron).
Contains:
Gluten, Wheat.
Allergen:
Contains Gluten, Contains Wheat, May Be Present Lupin
Servings Per Pack:
12.0
Storage Instructions:
Store in a cool dry place.
Size:
375g
Warning:
Made in Australia from at least 99% Australian ingredients. 1% imported ingredients, including vitamins and minerals to help kick start your day.
Code: 133117P
1 3 3 1 1 7 P
Customers also purchased
Kellogg's Crunchy Nut Clusters Breakfast Cereal 450g
Kellogg's Crunchy Nut Clusters Breakfast Cereal
450g
$7.00
450g $1.56 per 100G
Unit Price
1more variety
of Kellogg's Crunchy Nut Clusters Breakfast Cereal 450g
Add
1
for $7.00

Uncle Tobys Plus Muesli Flakes 820g
Uncle Tobys Plus Muesli Flakes
820g
$8.80
820g $1.07 per 100G
Unit Price
4.6 (59)
4.6 out of 5 stars from 59 ratings received
4more varieties
of Uncle Tobys Plus Muesli Flakes 820g
Add
1
for $8.80

Kellogg's Corn Flakes Breakfast Cereal 380g everyday product
Kellogg's Corn Flakes Breakfast Cereal
380g everyday product
$4.75
380g $1.25 per 100G
Unit Price
Add
1
for $4.75"	['/wcsstore/Coles-CAS/images/1/3/3/133117-th.jpg', '/wcsstore/Coles-CAS/images/1/3/3/133117_L-th.jpg', '/wcsstore/Coles-CAS/images/1/3/3/133117_R-th.jpg', '/wcsstore/Coles-CAS/images/1/3/3/133117_B-th.jpg']
Kellogg's	Just Right Breakfast Cereal With Whole Grains Apricot Pieces And Sultanas	$ 7 .00	460g	$1.52 per 100G	"Nutrition Facts
Serving size: 1 serving = 40g
Qty
Quantity
per serving Qty
Quantity
per 100g / 100ml %
Percentage
daily intake*
Energy 600kJ 1510kJ 7%
Protein 3.2g 7.9g 6%
Total Fat 0.9g 2.3g 1%
Saturated Fat 0.2g 0.6g 1%
Carbohydrate 28.4g 70.9g 9%
Sugars 9.2g 22.9g 10%
Dietary Fibre Total 4.0g 10.0g 13%
Sodium 12mg 30mg 0.50%
Folic Acid 50ug 125ug 25% RDI*
Vitamin B2 0.42mg 1.06mg 25% RDI*
Vitamin B3 2.5mg 6.2mg 25% RDI*
Iron 3mg 7.5mg 25% RDI*
Zinc 1.2mg 3mg 10% RDI*
Vitamin B6 0.4mg 1.0mg 25% RDI*
*Percentage Daily Intake per serving. Percentage Daily Intakes are based on an average adult diet of 8700 kJ. Your daily intakes may be higher or lower depending on your energy needs.
Disclaimer:
Product details, including nutritional information and country of origin, may change from time to time and so the product you receive in your order may not reflect the information on this page. Please check the packaging on any product you purchase and if it's not what you expected, feel free to return it for a full refund.
Details
Ingredients:
Whole grains (64%)(wheat, oats), fruit (sultanas [12%], apricot pieces [5%] [concentrated apricot puree, concentrated apple puree, invert sugar, humectant (glycerol), sugar, wheat fibre, gelling agent (pectin), acidity regulator (296), natural flavour, colours (turmeric, paprika)]), sugar, puffed triticale (wheat), wheat flour, barley malt extract, salt, natural flavour, minerals (iron, zinc oxide), vitamins (niacin, vitamin B6, riboflavin, folate).
Contains:
Contains gluten, wheat. May contain peanuts, tree nuts.
Allergen:
May Be Present Tree Nuts, May Be Present Peanuts, Contains Gluten, Contains Wheat
Dietary:
High in Fibre
Servings Per Pack:
11.0
Storage Instructions:
This product unopened will keep fresh at least until end of month indicated if stored in normal dry conditions.
Usage Instructions:
To open: Slide finger under tab and break seal left to right. Strawberry & Banana Yoghurt Smoothie Bowl: Serves 1. Toppings: Kellogg's Just Right cereal and your favourite selection of fresh fruit, nuts and seeds. Smoothie: 1/2 small frozen banana, 1 tablespoon plain yoghurt, 2/3 cup milk, 1/2 cup fresh strawberries. Method: Place all smoothie ingredients in a blender, blend until completely smooth. Top as desired and serve.
Size:
460g
Warning:
This product is sold by weight, not volume. Some settling of contents may have occurred during shipment and handling.
Code: 8492678P
8 4 9 2 6 7 8 P
Customers also purchased
Kellogg's Crunchy Nut Corn Flakes Breakfast Cereal 380g
Kellogg's Crunchy Nut Corn Flakes Breakfast Cereal
380g
$6.50
380g $1.71 per 100G
Unit Price
1more variety
of Kellogg's Crunchy Nut Corn Flakes Breakfast Cereal 380g
Add
1
for $6.50

Kellogg's Sultana Bran High Fibre Breakfast Cereal 420g on special
Kellogg's Sultana Bran High Fibre Breakfast Cereal
420g on special
buy any 2 for $12.00
Any 2
$ 12
regular price
$6.70 ea
each
420g $1.60 per 100G
Unit Price
1more variety
of Kellogg's Sultana Bran High Fibre Breakfast Cereal 420g on special
Pick any 2 for $12.00 ..."	['/wcsstore/Coles-CAS/images/8/4/9/8492678-th.jpg', '/wcsstore/Coles-CAS/images/8/4/9/8492678_L-th.jpg', '/wcsstore/Coles-CAS/images/8/4/9/8492678_R-th.jpg', '/wcsstore/Coles-CAS/images/8/4/9/8492678_B-th.jpg']
Kellogg's	Rice Bubbles Puffed Rice Breakfast Cereal	$ 9 .50	860g	$1.10 per 100G	"Nutrition Facts
Serving size: 1 serving = 35g
Qty
Quantity
per serving Qty
Quantity
per 100g / 100ml %
Percentage
daily intake*
Energy 570kJ 1640kJ 7%
Protein 2.6g 7.4g 5%
Total Fat 0.5g 1.3g 0.60%
Saturated Fat 0.1g 0.2g 0.30%
Carbohydrate 29.8g 85.0g 10%
Sugars 2.9g 8.4g 3%
Dietary Fibre Total 0.8g 2.3g 3%
Sodium 147mg 420mg 6%
Folic Acid 50ug 142ug 25%
Vitamin B2 0.42mg 1.21mg 25% RDI*
Vitamin B3 2.5mg 7.1mg 25% RDI*
Iron 3.0mg 8.6mg 25% RDI*
Zinc 1.8mg 5.1mg 15% RDI*
Vitamin B6 0.4mg 1.1mg 25% RDI*
*Percentage Daily Intake per serving. Percentage Daily Intakes are based on an average adult diet of 8700 kJ. Your daily intakes may be higher or lower depending on your energy needs.
Disclaimer:
Product details, including nutritional information and country of origin, may change from time to time and so the product you receive in your order may not reflect the information on this page. Please check the packaging on any product you purchase and if it's not what you expected, feel free to return it for a full refund.
Details
Ingredients:
Whole white rice (91%), sugar, salt, barley malt extract, minerals (iron, zinc oxide), vitamins (niacin, riboflavin, vitamin B6, folate).
Contains:
Contains gluten. May contain wheat, peanut, tree nuts.
Allergen:
May Be Present Tree Nuts, May Be Present Peanuts, Contains Gluten, May Be Present Wheat
Dietary:
No Artificial Flavours or Colours
Servings Per Pack:
24.0
Storage Instructions:
This product unopened will keep fresh at least until end of month indicated if stored in normal dry conditions.
Size:
860g
Code: 5103940P
5 1 0 3 9 4 0 P
Customers also purchased
Kellogg's Corn Flakes Breakfast Cereal 725g
Kellogg's Corn Flakes Breakfast Cereal
725g
$6.50
725g $0.90 per 100G
Unit Price
Add
1
for $6.50

Uncle Tobys Cheerios Multigrains Cereal 580g
Uncle Tobys Cheerios Multigrains Cereal
580g
$7.50
580g $1.29 per 100G
Unit Price
4.1 (42)
4.1 out of 5 stars from 42 ratings received
Add
1
for $7.50

Sanitarium Weet-Bix Breakfast Cereal 1.2kg
Sanitarium Weet-Bix Breakfast Cereal
1.2kg
$6.00
1.2kg $0.50 per 100G
Unit Price
Add
1
for $6.00"	['/wcsstore/Coles-CAS/images/5/1/0/5103940-th.jpg', '/wcsstore/Coles-CAS/images/5/1/0/5103940_L-th.jpg', '/wcsstore/Coles-CAS/images/5/1/0/5103940_R-th.jpg', '/wcsstore/Coles-CAS/images/5/1/0/5103940_B-th.jpg']
Kellogg's	Coco Pops Chex Chocolatey Breakfast Cereal	$ 9 .00	500g	$1.80 per 100G	"Nutrition Facts
Serving size: 1 serving = 30g
Qty
Quantity
per serving Qty
Quantity
per 100g / 100ml %
Percentage
daily intake*
Energy 480kJ 1600kJ 6%
Protein 1.8g 6.0g 4%
Total Fat 0.4g 1.5g 0.6%
Saturated Fat 0.2g 0.5g 0.6%
Carbohydrate 25.0g 83.3g 8%
Sugars 10.0g 33.2g 11%
Dietary Fibre Total 1.1g 3.6g 4%
Sodium 150mg 500mg 7%
Folic Acid 50ug 166ug 25%
Vitamin B1 0.28mg 0.92mg 25%
Vitamin B2 0.42mg 1.42mg 25%
Vitamin B3 2.5mg 8.3mg 25%
*Percentage Daily Intake per serving. Percentage Daily Intakes are based on an average adult diet of 8700 kJ. Your daily intakes may be higher or lower depending on your energy needs.
Disclaimer:
Product details, including nutritional information and country of origin, may change from time to time and so the product you receive in your order may not reflect the information on this page. Please check the packaging on any product you purchase and if it's not what you expected, feel free to return it for a full refund.
Details
Country of Origin:
Made in South Korea
Ingredients:
Cereals (62%)(maize flour, wheat flour, rice flour, barley flour, oat flour), sugar, cocoa (4.5%), salt, raising agent (sodium bicarbonate), wheat bran, vitamins (niacin, thiamin, riboflavin, folate)
Contains:
Contains gluten, wheat. May contain tree nuts.
Allergen:
May Be Present Tree Nuts, Contains Gluten, Contains Wheat
Servings Per Pack:
16.0
Storage Instructions:
This product unopened will keep fresh at least until end of month indicated if stored in normal dry conditions.
Suitable for:
Suitable for vegans
Usage Instructions:
To open: Slide finger under tab and break seal left to right
Size:
500g
Code: 8494301P
8 4 9 4 3 0 1 P
Customers also purchased
Kellogg's Coco Pops Chocolatey Breakfast Cereal 650g on special
Kellogg's Coco Pops Chocolatey Breakfast Cereal
650g on special
$7.00
save
$2.50
650g $1.08 per 100G
Unit Price
Add
1
for $7.00

Nestle Nesquik Cereal 650g
Nestle Nesquik Cereal
650g
$8.80
650g $1.35 per 100G
Unit Price
Add
1
for $8.80

Kellogg's Froot Loops Breakfast Cereal 460g on special
Kellogg's Froot Loops Breakfast Cereal
460g on special
$7.00
save
$2.50
460g $1.52 per 100G
Unit Price
Add
1
for $7.00

Kellogg's Crunchy Nut Corn Flakes Breakfast Cereal 640g on special
Kellogg's Crunchy Nut Corn Flakes Breakfast Cereal
640g on special
$7.00
save
$2.50
640g $1.09 per 100G
Unit Price
Add
1
for $7.00"	['/wcsstore/Coles-CAS/images/8/4/9/8494301-th.jpg', '/wcsstore/Coles-CAS/images/8/4/9/8494301_L-th.jpg', '/wcsstore/Coles-CAS/images/8/4/9/8494301_R-th.jpg', '/wcsstore/Coles-CAS/images/8/4/9/8494301_B-th.jpg']
Sanitarium	Weet Bix Breakfast Cereal Little Kids Essentials	$ 4 .50	400g	$1.13 per 100G	"Nutrition Facts
Serving size: 1 serving = 33g
Qty
Quantity
per serving Qty
Quantity
per 100g / 100ml %
Percentage
daily intake*
Energy 482kJ 1460kJ 5.80%
Energy Cal 115Cal 350kJ
Not provided
Protein 4.1g 12.4g 8.20%
Total Fat 0.6g 1.8g 0.90%
Saturated Fat 0.1g 0.4g 0.40%
Trans 0.0g 0.0g
Not provided
Polyunsaturated 0.2g 0.5g
Not provided
Mono Unsaturated
Less than
< 0.1g 0.2g
Not provided
Carbohydrate 21.1 64g 6.80%
Sugars 1.0g 2.9g 1.10%
Dietary Fibre Total 4.1g 12.4g 14% (%RDI##)
Sodium 3mg 10mg 0.10%
Potassium 112mg 338mg
Not provided
Vitamin B1 0.28mg 0.85mg 56% (%RDI 1-3years*)
Vitamin B2 0.43mg 1.30mg 54% (%RDI 1-3years*)
Vitamin B3 2.5mg 7.6mg 50% (%RDI 1-3years*)
Calcium 121mg 366mg 17% (%RDI 1-3years*)
Iron 3.0mg 9.1mg 50% (%RDI 1-3years*)
Magnesium 41mg 123mg 51% (%RDI 1-3years*)
Zinc 1.8mg 5.5mg 40% (%RDI 1-3years*)
Vitamin B6 0.4mg 1.2mg 57% (%RDI 1-3years*)
*Percentage Daily Intake per serving. Percentage Daily Intakes are based on an average adult diet of 8700 kJ. Your daily intakes may be higher or lower depending on your energy needs.
Disclaimer:
Product details, including nutritional information and country of origin, may change from time to time and so the product you receive in your order may not reflect the information on this page. Please check the packaging on any product you purchase and if it's not what you expected, feel free to return it for a full refund.
Details
Ingredients:
Wholegrain cereals (97%) [wheat (77%), rye (10%), sorghum (10%)], raw sugar, calcium rich seaweed, barley malt extract, minerals (iron, zinc), vitamins (B3, B2, B6, B1, folate).
Contains:
Contains: gluten, wheat. May contain: lupin.
Allergen:
May Be Present Lupin, Contains Cereals Containing Gluten
Servings Per Pack:
12.0
Storage Instructions:
Store in a cool, dry place.
Usage Instructions:
To open: Slip thumb under tab. Lift gently.
Size:
400g
Warning:
Recommended by Kid's Dietitians (In an independently administered survey conducted in 2020 amongst 145 qualified Kid's Dietitians (regularly work with kids up to 18 years) from across Australia and New Zealand, 94% would definitely or likely recommend this product as a healthy breakfast cereal option for healthy kids aged 1-5 years.)
Code: 4233292P
4 2 3 3 2 9 2 P
Customers also purchased
Uncle Tobys Shredded Wheat Cereal 270g
Uncle Tobys Shredded Wheat Cereal
270g
$6.50
Until 02 May 2023
270g $2.41 per 100G
Unit Price
Add
1
for $6.50

Sanitarium Weet-Bix Blends Multi-Grain Cereal 860g
Sanitarium Weet-Bix Blends Multi-Grain Cereal
860g
$8.00
860g $0.93 per 100G
Unit Price
Add
1
for $8.00"	['/wcsstore/Coles-CAS/images/4/2/3/4233292-th.jpg', '/wcsstore/Coles-CAS/images/4/2/3/4233292_L-th.jpg', '/wcsstore/Coles-CAS/images/4/2/3/4233292_R-th.jpg', '/wcsstore/Coles-CAS/images/4/2/3/4233292_B-th.jpg']
Uncle Tobys	Cheerios Honey Multigrain Cereal	$ 7 .50	570g	$1.32 per 100G	"Nutrition Facts
Serving size: 1 serving = 30 g
Qty
Quantity
per serving Qty
Quantity
per 100g / 100ml %
Percentage
daily intake*
Energy 490 kJ 1630 kJ 6%
Protein 2 g 6.7 g 4%
Total Fat 1.2g 4 g 2%
Saturated Fat 0.2 g 0.7 g 1%
Carbohydrate 23 g 76.6 g 7%
Sugars 5.3 g 17.8 g 6%
Dietary Fibre Total 2.3 g 7.6 g 8%
Sodium 80 mg 265 mg 3%
Folic Acid 60 ug 200 ug 30%
Vitamin B1 0.55 mg 1.83 mg 50%
Vitamin B2 0.43 mg 1.43 mg 25%
Vitamin B3 2.5 mg 8.3 mg 25%
Vitamin C 10 mg 33.3 mg 25%
Vitamin E 1 mg 3.3 mg 10%
Calcium 120 mg 400 mg 15%
Iron 3 mg 10 mg 25%
Zinc 1.8 mg 6 mg 15%
Vitamin B6 0.4 mg 1.3 mg 25%
*Percentage Daily Intake per serving. Percentage Daily Intakes are based on an average adult diet of 8700 kJ. Your daily intakes may be higher or lower depending on your energy needs.
Disclaimer:
Product details, including nutritional information and country of origin, may change from time to time and so the product you receive in your order may not reflect the information on this page. Please check the packaging on any product you purchase and if it's not what you expected, feel free to return it for a full refund.
Details
Ingredients:
Whole Grain Cereals (64%) [ Wheat (31%), Corn (24%), Oats (4.5%), Rice (4.5%)], Wheat Starch, Sugar, Honey (3.5%), Vegetable Oil, Chicory Root Fibre, Colours (Caramel 1, Annatto), Salt Blend [Salt, Mineral Sea Salts (508, 511)], Flavour, Acidity Regulator (Trisodium Phosphate). Vitamins and Minerals: Minerals (Calcium, Iron, Zinc), Vitamins (C, Niacin, E, B1, B6, B2, Folic Acid). Contains Gluten, Wheat. May Contain Barley, Rye, Milk, Soy.
Contains:
Gluten containing ingredients, Wheat, Oats,
Allergen:
May Be Present Barley, May Be Present Soybean, May Be Present Rye, May Be Present Milk, Contains Wheat, Contains Cereals Containing Gluten
Servings Per Pack:
19.0
Storage Instructions:
Store in A Cool Dry Place
Usage Instructions:
Enjoy a serving of Uncle Toby's Cheerios Cereal with 125ml reduced fat milk, a piece of fresh fruit and a glass of water.
Size:
570 g
Preparation Instructions:
Enjoy a bowl of Uncle Tobys Cheerios Cereal with hot or cold milk.
Code: 1175167P
1 1 7 5 1 6 7 P
Customers also purchased
Uncle Tobys Cheerios Multigrains Cereal 580g
Uncle Tobys Cheerios Multigrains Cereal
580g
$7.50
580g $1.29 per 100G
Unit Price
4.1 (42)
4.1 out of 5 stars from 42 ratings received
1more variety
of Uncle Tobys Cheerios Multigrains Cereal 580g
Add
1
for $7.50

Nestle Milo Duo Cereal 660g
Nestle Milo Duo Cereal
660g
$8.80
660g $1.33 per 100G
Unit Price
3more sizes and varieties
of Nestle Milo Duo Cereal 660g
Add
1
for $8.80

Nestle Nesquik Cereal 650g
Nestle Nesquik Cereal
650g
$8.80
650g $1.35 per 100G
Unit Price
Add
1
for $8.80

Cheerios Honey Multigrain Cereal"	['/wcsstore/Coles-CAS/images/1/1/7/1175167-th.jpg', '/wcsstore/Coles-CAS/images/1/1/7/1175167_L-th.jpg', '/wcsstore/Coles-CAS/images/1/1/7/1175167_R-th.jpg', '/wcsstore/Coles-CAS/images/1/1/7/1175167_B-th.jpg']
Kellogg's	Special K Original Breakfast Cereal with Grain Based Protein	$ 6 .50	300g	$2.17 per 100G	"Nutrition Facts
Serving size: 1 serving = 40g
Qty
Quantity
per serving Qty
Quantity
per 100g / 100ml %
Percentage
daily intake*
Energy 650kJ 1620kJ 7%
Protein 7.7g 19.3g 15%
Total Fat 1g 2.4g 1%
Saturated Fat 0.3g 0.7g 1%
Carbohydrate 27.2g 67.9g 9%
Sugars 5.6g 13.9g 6%
Dietary Fibre Total 2.4g 5.9g 8%
Sodium 132mg 330mg 6%
Folic Acid 50ug 125ug 25% RDI*
Vitamin B2 0.42mg 1.06mg 25% RDI*
Vitamin B3 2.5mg 6.2mg 25% RDI*
Vitamin D 2.5ug 6.2ug 25% RDI*
Calcium 200mg 500mg 25% RDI*
Iron 3mg 7.5mg 25% RDI*
Zinc 1.8mg 4.5mg 15% RDI*
Vitamin B6 0.4mg 1mg 25% RDI*
*Percentage Daily Intake per serving. Percentage Daily Intakes are based on an average adult diet of 8700 kJ. Your daily intakes may be higher or lower depending on your energy needs.
Disclaimer:
Product details, including nutritional information and country of origin, may change from time to time and so the product you receive in your order may not reflect the information on this page. Please check the packaging on any product you purchase and if it's not what you expected, feel free to return it for a full refund.
Details
Ingredients:
Rice (42%), whole grain cereals (23%)(wheat, oat flour), wheat protein, sugar, minerals (calcium carbonate, iron, zinc oxide), oat fibre, salt, barley malt extract, vitamins (niacin, vitamin D, vitamin B6, riboflavin, folate).
Contains:
Contains gluten, wheat. May contain peanut, tree nuts.
Allergen:
May Be Present Tree Nuts, May Be Present Peanuts, Contains Gluten, Contains Wheat
Servings Per Pack:
7.0
Storage Instructions:
This product unopened will keep fresh at least until end of month indicated if stored in normal dry conditions.
Usage Instructions:
To open: Slide finger under tab and break seal left to right. A dollop of yoghurt, topped with a handful of luscious blueberries & strawberries, baby mint leaves and a drizzle of berry coulis. Delicious!
Size:
300g
Warning:
This product is sold by weight, not volume. Some settling of contents may have occurred during shipment and handling.
Code: 8491653P
8 4 9 1 6 5 3 P
Customers also purchased
Kellogg's All-Bran Original High Fibre Breakfast Cereal 530g
Kellogg's All-Bran Original High Fibre Breakfast Cereal
530g
$7.50
530g $1.42 per 100G
Unit Price
Add
1
for $7.50

Kellogg's Special K Forest Berries Breakfast Cereal 380g
Kellogg's Special K Forest Berries Breakfast Cereal
380g
$7.00
380g $1.84 per 100G
Unit Price
Add
1
for $7.00

Kellogg's All-Bran Original High Fibre Breakfast Cereal 350g everyday product
Kellogg's All-Bran Original High Fibre Breakfast Cereal
350g everyday product
$6.00
350g $1.71 per 100G
Unit Price
Add
1
for $6.00

Sanitarium Weet-Bix Blends Multi-Grain Cereal 860g
Sanitarium Weet-Bix Blends Multi-Grain Cereal
860g
$8.00
860g $0.93 per 100G
Unit Price
Add
1
for $8.00"	['/wcsstore/Coles-CAS/images/8/4/9/8491653-th.jpg', '/wcsstore/Coles-CAS/images/8/4/9/8491653_L-th.jpg', '/wcsstore/Coles-CAS/images/8/4/9/8491653_R-th.jpg', '/wcsstore/Coles-CAS/images/8/4/9/8491653_B-th.jpg']
Uncle Tobys	Plus Antioxidant Cereal	$ 8 .80	765g	$1.15 per 100G	"Nutrition Facts
Serving size: 1 serving = 40g
Qty
Quantity
per serving Qty
Quantity
per 100g / 100ml %
Percentage
daily intake*
Energy 590kJ 1480kJ 7%
Protein 3g 7.6g 6%
Total Fat 0.7g 1.7g 1%
Saturated Fat 0.2g 0.4g 1%
Carbohydrate 27.6g 68.9g 9%
Sugars 7.2g 18g 8%
Dietary Fibre Total 4.8g 12g 16%
Sodium 81mg 205mg 4%
Folic Acid 50ug 125ug 25%
Vitamin B1 0.55mg 1.38mg 50%
Vitamin B2 0.42mg 1.05mg 25%
Vitamin B3 2.5mg 6.3mg 25%
Vitamin C 10mg 25mg 25%
Vitamin E 2.5mg 6.3mg 25%
Calcium 80mg 200mg 10%
Iron 2.4mg 6mg 20%
Zinc 1.8mg 4.5mg 15%
Vitamin B6 0.3mg 0.8mg 20%
*Percentage Daily Intake per serving. Percentage Daily Intakes are based on an average adult diet of 8700 kJ. Your daily intakes may be higher or lower depending on your energy needs.
Disclaimer:
Product details, including nutritional information and country of origin, may change from time to time and so the product you receive in your order may not reflect the information on this page. Please check the packaging on any product you purchase and if it's not what you expected, feel free to return it for a full refund.
Details
Ingredients:
Whole Grain Wheat (48%), Corn, Fruits [Sweetened Cranberries (Cranberries (3.5%), Sugar, Humectant (Glycerine), Sunflower Oil), Blueberry Fruity Piece (Blueberry Puree (1.5%), Invert Sugar, Sugar, Humectant (Glycerine), Wheat Fibre, Vegetable Gum (Pectin), Lemon Juice Concentrate), Sultanas (3%)], Sugar, Wheat Bran, Oat Or Wheat Fibre, Wheat Flour, Salt, Flavour, Malt Extract ( Barley ). Vitamins and Minerals Minerals (Calcium, Iron, Zinc), Vitamins (C, Niacin, E, B1, B2, B6, Folic Acid) Contains Gluten, Wheat. May Contain Rye, Milk, Soy, Tree Nuts, Lupin.
Allergen:
May Contain Soybean, May Contain Rye, May Contain Milk, May Contain Tree Nuts, Contains Barley, May Contain Lupin, Contains Wheat, Contains Cereals
Servings Per Pack:
19.0
Storage Instructions:
Store in A Cool Dry Place
Dimensions:
316 x 218 x 73mm
Size:
765g
Preparation Instructions:
Try Adding Figs and Yoghurt for Mornings On the Run, Try Blending Banana, Frozen Berries, Milk and Yoghurt To Your Favourite Plus Cereal. Serve With Raspberries and Blueberries. Enjoy! for Full Recipe Visit Our Website.
Code: 8937956P
8 9 3 7 9 5 6 P
Customers also purchased
Uncle Tobys Plus Fibre Cereal 775g
Uncle Tobys Plus Fibre Cereal
775g
$8.80
775g $1.14 per 100G
Unit Price
4.2 (63)
4.2 out of 5 stars from 63 ratings received
4more varieties
of Uncle Tobys Plus Fibre Cereal 775g
Add
1
for $8.80

Uncle Tobys Plus Protein Cereal 705g
Uncle Tobys Plus Protein Cereal
705g
$8.80
705g $1.25 per 100G
Unit Price
4.4 (12)
4.4 out of 5 stars from 12 ratings received
4more varieties
of Uncle Tobys Plus Protein Cereal 705g
Add
1
for $8.80

Uncle Tobys Plus Muesli Flakes 820g
Uncle Tobys Plus Muesli Flakes
820g
$8.80
820g $1.07 per 100G
Unit Price
4.6 (59)
4.6 out of 5 stars from 59 ratings received
4more varieties
of Uncle Tobys Plus Muesli Flakes 820g
Add
1
for $8.80

Uncle Tobys Plus Iron Cereal 710g
Uncle Tobys Plus Iron Cereal
710g
$8.80
710g $1.24 per 100G
Unit Price
4.6 (31)
4.6 out of 5 stars from 31 ratings received
5more sizes and varieties
of Uncle Tobys Plus Iron Cereal 710g
Add
1
for $8.80

Plus Antioxidant Cereal"	['/wcsstore/Coles-CAS/images/8/9/3/8937956-th.jpg', '/wcsstore/Coles-CAS/images/8/9/3/8937956_L-th.jpg', '/wcsstore/Coles-CAS/images/8/9/3/8937956_R-th.jpg', '/wcsstore/Coles-CAS/images/8/9/3/8937956_B-th.jpg']
Morning Sun	Natural Apricot & Almond Muesli	$ 4 .50	650g	$0.69 per 100G	"Nutrition Facts
Serving size: 1 serving = 45 g
Qty
Quantity
per serving Qty
Quantity
per 100g / 100ml %
Percentage
daily intake*
Energy 690 kJ 1530 kJ 8%
Protein 4.9 g 10.9 g 10%
Total Fat
Not provided
7.9 g 5%
Saturated Fat 0.8 g 1.8 g 3%
Carbohydrate 25.6 g 56.9 g 8%
Sugars 6.7 g 15 g 7%
Dietary Fibre Total 4.6 g 10.3 g 15%
Sodium 7 mg 15 mg 1%
*Percentage Daily Intake per serving. Percentage Daily Intakes are based on an average adult diet of 8700 kJ. Your daily intakes may be higher or lower depending on your energy needs.
Disclaimer:
Product details, including nutritional information and country of origin, may change from time to time and so the product you receive in your order may not reflect the information on this page. Please check the packaging on any product you purchase and if it's not what you expected, feel free to return it for a full refund.
Details
Ingredients:
Contains Gluten Containing Ingredients, Sulphites and Tree Nuts . Whole Grain Oats (71%), Dried Fruits [Sultanas (9%), Currants (4.3%), Paw Paw Pieces (Paw Paw (1.4%), Sugar), Apricot (3.2%), Preservative (220* )], Wheat Bran, Almonds (1%), Coconut (0.9%) [Preservative ( 223 *)], Malt Extract ( Barley ), Vitamin E, Emulsifier (471). *Some Dried Fruits Contain Sulphites To Maintain Natural Colour and Shelflife. May Contain Other Gluten Containing Ingredients, Milk, Soy, Other Tree Nuts and Lupin
Allergen:
May Be Present Milk, Contains Barley, Contains Sulphur Dioxide, Contains Gluten, Contains Wheat, Contains Oats, Contains Nuts, May Be Present Lupin
Servings Per Pack:
14.0
Storage Instructions:
Best Stored at Or Below 25c in Dry Conditions. Do Not Store Above 35c
Size:
650 g
Code: 376980P
3 7 6 9 8 0 P"	[]
Nestle	Milo Duo Cereal	$ 8 .80	660g	$1.33 per 100G	"Nutrition Facts
Serving size: 1 serving = 30 g
Qty
Quantity
per serving Qty
Quantity
per 100g / 100ml %
Percentage
daily intake*
Energy 490 kJ 1620 kJ 6%
Protein 2.5 g 8.2 g 5%
Total Fat
Not provided
4.4 g 2%
Saturated Fat 0.3 g 1.1 g 1%
Carbohydrate 22.1 g 73.6 g 7%
Sugars 8.2 g 27.4 g 9%
Dietary Fibre Total 2.2 g 7.3 g 7%
Sodium 32 mg 105 mg 1%
Folic Acid 60 ug 200 ug 30%
Vitamin B1 0.55 mg 1.83 mg 50%
Vitamin B2 0.43 mg 1.42 mg 25%
Vitamin B3 2.5 mg 8.3 mg 25%
Vitamin C 9.9 mg 33 mg 25%
Vitamin E 1 mg 3.3 mg 10%
Calcium 200 mg 667 mg 25%
Iron 3 mg 10 mg 25%
Zinc 1.8 mg 6 mg 15%
Vitamin B6 0.4 mg 1.3 mg 25%
*Percentage Daily Intake per serving. Percentage Daily Intakes are based on an average adult diet of 8700 kJ. Your daily intakes may be higher or lower depending on your energy needs.
Disclaimer:
Product details, including nutritional information and country of origin, may change from time to time and so the product you receive in your order may not reflect the information on this page. Please check the packaging on any product you purchase and if it's not what you expected, feel free to return it for a full refund.
Details
Ingredients:
Whole Grain Cereals (49.5%) [ Wheat (36%), Corn (11%), Rice (2.5%)], Sugar, Wheat Flour, Formulated Supplementary Food Base: Milo (7%) [Malt Extract ( Barley And/Or Rice), Milk Powder, Sugar, Cocoa, Choc Malt Blend, Minerals (Calcium, Iron), Vitamins (C, B3, B6, B2, D, B12), Emulsifier ( Soy Lecithin)], Cocoa, Malt Extract ( Barley and Rice), Skimmed Milk Powder, Sunflower Oil, Wheat Starch, Flavours [Chocolate and Vanilla ( Wheat )], Emulsifier ( Soy Lecithin), Salt, Glucose. Vitamins and Minerals Minerals (Calcium, Iron, Zinc), Vitamins (C, E, Niacin, B1, B6, B2, Folic Acid) Contains Wheat, Gluten, Milk, Soy May Contain Other Gluten Containing Ingredients
Allergen:
Contains Soybean, May Be Present Oats, May Be Present Rye, Contains Barley, Contains Gluten, Contains Wheat, Contains Milk
Servings Per Pack:
22.0
Storage Instructions:
Store in A Cool Dry Place
Size:
660 g
Code: 8610173P
8 6 1 0 1 7 3 P
Customers also purchased
Uncle Tobys Cheerios Honey Multigrain Cereal 570g
Uncle Tobys Cheerios Honey Multigrain Cereal
570g
$7.50
570g $1.32 per 100G
Unit Price
4.0 (24)
4.0 out of 5 stars from 24 ratings received
1more variety
of Uncle Tobys Cheerios Honey Multigrain Cereal 570g
Add
1
for $7.50

Kellogg's Crunchy Nut Clusters Breakfast Cereal 450g
Kellogg's Crunchy Nut Clusters Breakfast Cereal
450g
$7.00
450g $1.56 per 100G
Unit Price
1more variety
of Kellogg's Crunchy Nut Clusters Breakfast Cereal 450g
Add
1
for $7.00

Nestle Nesquik Cereal 650g
Nestle Nesquik Cereal
650g
$8.80
650g $1.35 per 100G
Unit Price
Add
1
for $8.80

Coles Frooty Rings 300g everyday product
Coles Frooty Rings
300g everyday product
$2.50
300g $0.83 per 100G
Unit Price
Add
1
for $2.50"	['/wcsstore/Coles-CAS/images/8/6/1/8610173-th.jpg', '/wcsstore/Coles-CAS/images/8/6/1/8610173_L-th.jpg', '/wcsstore/Coles-CAS/images/8/6/1/8610173_R-th.jpg', '/wcsstore/Coles-CAS/images/8/6/1/8610173_B-th.jpg']
Nestle	Milo Cereal Breakfast Protein	$ 8 .80	600g	$1.47 per 100G	"Nutrition Facts
Serving size: 1 serving = 45g
Qty
Quantity
per serving Qty
Quantity
per 100g / 100ml %
Percentage
daily intake*
Energy 730kJ 1630kJ 8%
Protein 10.8g 24.1g 22%
Total Fat 1.7g 3.8g 2%
Saturated Fat 0.6g 1.4g 3%
Carbohydrate 27.4g 60.9g 9%
Sugars 10.1g 22.5g 11%
Dietary Fibre Total 2.6g 5.9g 9%
Sodium 65mg 145mg 3%
Folic Acid 60ug 133ug 30%
Vitamin B1 0.55mg 1.22mg 50%
Vitamin B2 0.42mg 0.93mg 25%
Vitamin B3 2.5mg 5.5mg 25%
Vitamin C 10mg 23mg 25%
Vitamin E 1mg 2.2mg 10%
Calcium 200mg 444mg 25%
Iron 3mg 6.7mg 25%
Zinc 1.8mg 4mg 15%
Vitamin B6 0.4mg 0.9mg 25%
*Percentage Daily Intake per serving. Percentage Daily Intakes are based on an average adult diet of 8700 kJ. Your daily intakes may be higher or lower depending on your energy needs.
Disclaimer:
Product details, including nutritional information and country of origin, may change from time to time and so the product you receive in your order may not reflect the information on this page. Please check the packaging on any product you purchase and if it's not what you expected, feel free to return it for a full refund.
Details
Ingredients:
Whole Grain Cereals (34%) ( Wheat , Corn), Wheat Protein (22%), Sugar, Formulated Supplementary Food Base: Milo (10%) [Malt Extract (Rice And/Or Barley ), Milk Powder, Sugar, Cocoa, Choc Malt Blend, Minerals (Calcium, Iron), Vitamins (C, B3, B6, B2, D, B12), Emulsifier ( Soy Lecithin)], Wheat Starch, Cocoa, Malt Extract ( Barley , Rice), Vegetable Oil, Flavours, Emulsifier ( Soy Lecithin), Salt. Vitamins and Minerals Minerals (Calcium, Iron, Zinc), Vitamins (C, Niacin, E, B1, B6, B2, Folic Acid) Contains Wheat, Gluten, Milk, Soy. May Contain Oats, Rye.
Allergen:
Contains Soybean, May Contain Rye, Contains Wheat, Contains Milk, May Contain Oats, Contains Cereals
Servings Per Pack:
13.0
Storage Instructions:
Store in A Cool Dry Place
Dimensions:
306 x 218 x 65mm
Size:
600g
Code: 3957220P
3 9 5 7 2 2 0 P
Customers also purchased
Nestle Nesquik Cereal 650g
Nestle Nesquik Cereal
650g
$8.80
650g $1.35 per 100G
Unit Price
Add
1
for $8.80

Kellogg's Crispix Honey Pillows Breakfast Cereal 460g
Kellogg's Crispix Honey Pillows Breakfast Cereal
460g
$8.50
460g $1.85 per 100G
Unit Price
Add
1
for $8.50

Kellogg's Froot Loops Breakfast Cereal 460g on special
Kellogg's Froot Loops Breakfast Cereal
460g on special
$7.00
save
$2.50
460g $1.52 per 100G
Unit Price
Add
1
for $7.00"	['/wcsstore/Coles-CAS/images/3/9/5/3957220-th.jpg', '/wcsstore/Coles-CAS/images/3/9/5/3957220_L-th.jpg', '/wcsstore/Coles-CAS/images/3/9/5/3957220_R-th.jpg', '/wcsstore/Coles-CAS/images/3/9/5/3957220_B-th.jpg']
Uncle Tobys	Plus Iron Cereal	$ 8 .80	710g	$1.24 per 100G	"Nutrition Facts
Serving size: 1 serving = 40 g
Qty
Quantity
per serving Qty
Quantity
per 100g / 100ml %
Percentage
daily intake*
Energy 650 kJ 1630 kJ 7%
Protein 3.6 g 8.9 g 7%
Total Fat
Not provided
5.8 g 3%
Saturated Fat 0.6 g 1.4 g 2%
Carbohydrate 28.2 g 70.6 g 9%
Sugars 5.8 g 14.6 g 6%
Dietary Fibre Total 3.3 g 8.2 g 11%
Sodium 80 mg 200 mg 3%
Folic Acid 80 ug 200 ug 40%
Vitamin B1 0.28 mg 0.69 mg 25%
Vitamin B2 0.42 mg 1.05 mg 25%
Vitamin B3 2.5 mg 6.3 mg 25%
Vitamin C 10 mg 25 mg 25%
Vitamin E 1 mg 2.5 mg 10%
Calcium 120 mg 300 mg 15%
Iron 3 mg 7.5 mg 25%
Zinc 1.8 mg 4.5 mg 15%
Vitamin B6 0.3 mg 0.8 mg 20%
*Percentage Daily Intake per serving. Percentage Daily Intakes are based on an average adult diet of 8700 kJ. Your daily intakes may be higher or lower depending on your energy needs.
Disclaimer:
Product details, including nutritional information and country of origin, may change from time to time and so the product you receive in your order may not reflect the information on this page. Please check the packaging on any product you purchase and if it's not what you expected, feel free to return it for a full refund.
Details
Ingredients:
Whole Grain Cereals (54%) [ Wheat (52%), Corn (2%)], Corn, Sugar, Cereal Nut Clusters (10%) [ Wheat Flour, Sugar, Glucose Syrup, Whole Grain Wheat (1%), Rolled Oats (0.8%), Vegetable Oil, Honey, Rice Flour, Almonds , Malt Extract ( Barley ), Salt, Mineral Salt (Calcium Carbonate), Flavour], Cashews (8%), Wheat Flour, Salt, Oat Fibre, Flavours ( Milk ), Glucose Syrup. Vitamins and Minerals Minerals (Calcium, Iron, Zinc), Vitamins [C, Niacin, B1, B2, B6, Folic Acid, E]. Contains Gluten, Wheat, Cashew, Almond, Milk May Contain Other Gluten Containing Ingredients, Soy, Other Tree Nuts and Lupin
Allergen:
May Be Present Soybean, May Be Present Rye, Contains Barley, Contains Gluten, Contains Wheat, Contains Milk, Contains Oats, Contains Nuts, May Be Present Lupin
Servings Per Pack:
17.0
Storage Instructions:
Store in A Cool Dry Place
Size:
710 g
Preparation Instructions:
Try Adding Apple and Blueberries for A Delicious Brekkie Twist, Try Blending Pecans, Dates, Cocoa Powder and Grated Apple With Your Favourite Plus Cereal. Set Into A Tray & Sprinkle With Pistachios. Chill. Enjoy! for Full Recipe Visit Our Website.
Code: 2264524P
2 2 6 4 5 2 4 P
Customers also purchased
Uncle Tobys Plus Fibre Cereal 775g
Uncle Tobys Plus Fibre Cereal
775g
$8.80
775g $1.14 per 100G
Unit Price
4.2 (63)
4.2 out of 5 stars from 63 ratings received
4more varieties
of Uncle Tobys Plus Fibre Cereal 775g
Add
1
for $8.80

Uncle Tobys Plus Antioxidant Cereal 765g
Uncle Tobys Plus Antioxidant Cereal
765g
$8.80
765g $1.15 per 100G
Unit Price
3.8 (37)
3.8 out of 5 stars from 37 ratings received
5more sizes and varieties
of Uncle Tobys Plus Antioxidant Cereal 765g
Add
1
for $8.80

Uncle Tobys Plus Protein Cereal 705g
Uncle Tobys Plus Protein Cereal
705g
$8.80
705g $1.25 per 100G
Unit Price
4.4 (12)
4.4 out of 5 stars from 12 ratings received
4more varieties
of Uncle Tobys Plus Protein Cereal 705g
Add
1
for $8.80

Plus Iron Cereal"	['/wcsstore/Coles-CAS/images/2/2/6/2264524-th.jpg', '/wcsstore/Coles-CAS/images/2/2/6/2264524_L-th.jpg', '/wcsstore/Coles-CAS/images/2/2/6/2264524_R-th.jpg', '/wcsstore/Coles-CAS/images/2/2/6/2264524_B-th.jpg']
Kellogg's	Sultana Bran High Fibre Breakfast Cereal	$ 11 .50	1.32 kg	$0.87 per 100G	"Nutrition Facts
Serving size: 1 serving = 45g
Qty
Quantity
per serving Qty
Quantity
per 100g / 100ml %
Percentage
daily intake*
Energy 650kJ 1460kJ 8%
Protein 4.3g 9.6g 9%
Total Fat 1.3g 2.8g 2%
Saturated Fat 0.3g 0.6g 1%
Carbohydrate 28.3g 62.8g 9%
Sugars 12.8g 28.4g 14%
Dietary Fibre Total 6.8g 15.1g 23%
Sodium 117mg 260mg 5%
Vitamin B2 0.42mg 0.94mg 25% RDI*
Vitamin B3 2.5mg 5.6mg 25% RDI*
Iron 3.0mg 6.7mg 25% RDI*
Magnesium 48mg 106mg 15% RDI*
Zinc 1.8mg 4.0mg 15% RDI*
Vitamin B6 0.4mg 0.9mg 25% RDI*
*Percentage Daily Intake per serving. Percentage Daily Intakes are based on an average adult diet of 8700 kJ. Your daily intakes may be higher or lower depending on your energy needs.
Disclaimer:
Product details, including nutritional information and country of origin, may change from time to time and so the product you receive in your order may not reflect the information on this page. Please check the packaging on any product you purchase and if it's not what you expected, feel free to return it for a full refund.
Details
Ingredients:
Whole wheat, sultanas (26%), wheat bran (26%), sugar, barley malt extract, salt, minerals (iron, zinc oxide), vitamins (niacin, vitamin B6, riboflavin, folate). (Natural source of magnesium)
Contains:
Contains gluten, wheat. May contain peanuts, tree nuts.
Allergen:
May Be Present Tree Nuts, May Be Present Peanuts, Contains Gluten, Contains Wheat
Servings Per Pack:
29.0
Usage Instructions:
This product unopened will keep fresh at least until end of month indicated if stored in normal dry conditions.
Size:
1.32kg
Code: 5105630P
5 1 0 5 6 3 0 P
Customers also purchased
Uncle Tobys Plus Protein Cereal 705g
Uncle Tobys Plus Protein Cereal
705g
$8.80
705g $1.25 per 100G
Unit Price
4.4 (12)
4.4 out of 5 stars from 12 ratings received
Add
1
for $8.80

Kellogg's Just Right Breakfast Cereal With Whole Grains Apricot Pieces And Sultanas 460g
Kellogg's Just Right Breakfast Cereal With Whole Grains Apricot Pieces And Sultanas
460g
$7.00
460g $1.52 per 100G
Unit Price
Add
1
for $7.00"	['/wcsstore/Coles-CAS/images/5/1/0/5105630-th.jpg', '/wcsstore/Coles-CAS/images/5/1/0/5105630_L-th.jpg', '/wcsstore/Coles-CAS/images/5/1/0/5105630_R-th.jpg', '/wcsstore/Coles-CAS/images/5/1/0/5105630_B-th.jpg']
Uncle Tobys	Oats Quick Sachets Creamy Honey	$ 6 .30	350g	$1.80 per 100G	"Nutrition Facts
Serving size: 1 serving = 35g
Qty
Quantity
per serving Qty
Quantity
per 100g / 100ml %
Percentage
daily intake*
Energy 570kJ 1630kJ 7%
Protein 3.5g 10.1g 7%
Total Fat 2.6g 7.6g 4%
Saturated Fat 0.6g 1.8g 3%
Carbohydrate 23.2g 66.4g 7%
Sugars 6.8g 19.3g 8%
Dietary Fibre Total 2.3g 6.5g 8%
Sodium 8mg 22mg
Less than
< 1%
*Percentage Daily Intake per serving. Percentage Daily Intakes are based on an average adult diet of 8700 kJ. Your daily intakes may be higher or lower depending on your energy needs.
Disclaimer:
Product details, including nutritional information and country of origin, may change from time to time and so the product you receive in your order may not reflect the information on this page. Please check the packaging on any product you purchase and if it's not what you expected, feel free to return it for a full refund.
Details
Ingredients:
Contains Gluten Containing Ingredients and Milk Uncle Tobys Whole Grain Rolled Oats (70%), Sugar, Honey [Dried Honey (1.5%), Maize Maltodextrin, Natural Flavour], Milk Powder. May Contain Other Gluten Containing Ingredients, Tree Nuts and Lupin
Allergen:
May Contain Barley, May Contain Rye, May Contain Wheat, May Contain Tree Nuts, May Contain Lupin, Contains Milk, Contains Oats, Contains Cereals
Servings Per Pack:
10.0
Storage Instructions:
Store in A Cool Dry Place
Dimensions:
220 x 135 x 60mm
Size:
350g
Preparation Instructions:
2 Simple Steps To A Nutritious Start Step 1: Empty Sachet Into A Microwaveable Bowl & Add 1/2 Cup of Skim Milk Or Water (Or Pour To Fill Line Indicated On Empty Sachet) and Stir To Mix Step 2: Microwave On High for 90 Seconds, Stir & Allow To Cool Slightly Before Serving. Caution: Bowl Will Be Very Hot! Directions Have Been Tested Using A 950 Watt Microwave Oven and Are Given As A Guide Only. Alternatively Add the Sachet and 1/2 Cup of Skim Milk Or Water To A Saucepan. Bring To the Boil, Stir, Simmer for 40 Seconds. Allow To Cool Slightly Before Serving. for A Smoother Consistency Add A Little Extra Liquid After Cooking.
Code: 3992629P
3 9 9 2 6 2 9 P
Customers also purchased
Uncle Tobys Oats Quick Sachets Breakfast Cereal Creamy Honey Big Bowl 368g
Uncle Tobys Oats Quick Sachets Breakfast Cereal Creamy Honey Big Bowl
368g
$6.50
368g $1.77 per 100G
Unit Price
Add
1
for $6.50

Uncle Tobys Oats Quick Sachets Creamy Vanilla 350g
Uncle Tobys Oats Quick Sachets Creamy Vanilla
350g
$6.30
350g $1.80 per 100G
Unit Price
5.0 (1)
5.0 out of 5 stars from 1 ratings received
Add
1
for $6.30

Uncle Tobys Oats Quick Sachets Berry Variety 350g
Uncle Tobys Oats Quick Sachets Berry Variety
350g
$6.30
350g $1.80 per 100G
Unit Price
Add
1
for $6.30

Uncle Tobys Oats Quick Sachets Brown Sugar & Cinnamon 350g
Uncle Tobys Oats Quick Sachets Brown Sugar & Cinnamon
350g
$6.30
350g $1.80 per 100G
Unit Price
5.0 (3)
5.0 out of 5 stars from 3 ratings received
Add
1
for $6.30

Oats Quick Sachets Creamy Honey"	['/wcsstore/Coles-CAS/images/3/9/9/3992629-th.jpg', '/wcsstore/Coles-CAS/images/3/9/9/3992629_L-th.jpg', '/wcsstore/Coles-CAS/images/3/9/9/3992629_R-th.jpg', '/wcsstore/Coles-CAS/images/3/9/9/3992629_B-th.jpg']
Uncle Tobys	Vita Brits Cereal	$ 6 .00	1kg	$0.60 per 100G	"Nutrition Facts
Serving size: 1 serving = 33.3g
Qty
Quantity
per serving Qty
Quantity
per 100g / 100ml %
Percentage
daily intake*
Energy 490kJ 1470kJ 6.0%
Protein 3.3g 9.9g 7.000000000000001%
Total Fat 0.6g 1.8g
Less than
< 1%
Saturated Fat 0.1g 0.4g
Less than
< 1%
Carbohydrate 22.3g 67g 7.000000000000001%
Sugars 0.1g 0.4g
Less than
< 1%
Dietary Fibre Total 4.2g 12.6g 14.000000000000002%
Sodium 130mg 395mg 6.0%
*Percentage Daily Intake per serving. Percentage Daily Intakes are based on an average adult diet of 8700 kJ. Your daily intakes may be higher or lower depending on your energy needs.
Disclaimer:
Product details, including nutritional information and country of origin, may change from time to time and so the product you receive in your order may not reflect the information on this page. Please check the packaging on any product you purchase and if it's not what you expected, feel free to return it for a full refund.
Details
Ingredients:
Contains Gluten Containing Ingredients Whole Grain Wheat (99%), Salt Blend [Salt, Mineral Sea Salts (508,511)] May Contain Other Gluten Containing Ingredients.
Allergen:
May Be Present Gluten, Contains Wheat
Dietary:
High in Fibre, No Added Sugars, No Artificial Flavours or Colours
Servings Per Pack:
30.0
Storage Instructions:
Store in a coll dry place
Size:
1kg
Code: 133015P
1 3 3 0 1 5 P
Customers also purchased
Kellogg's Rice Bubbles Puffed Rice Breakfast Cereal 410g
Kellogg's Rice Bubbles Puffed Rice Breakfast Cereal
410g
$6.00
410g $1.46 per 100G
Unit Price
Add
1
for $6.00

Uncle Tobys Shredded Wheat Cereal 270g
Uncle Tobys Shredded Wheat Cereal
270g
$6.50
Until 02 May 2023
270g $2.41 per 100G
Unit Price
Add
1
for $6.50

Uncle Tobys Original Vita Weeties 700g
Uncle Tobys Original Vita Weeties
700g
$7.00
700g $1.00 per 100G
Unit Price
5.0 (1)
5.0 out of 5 stars from 1 ratings received
Add
1
for $7.00"	['/wcsstore/Coles-CAS/images/1/3/3/133015-th.jpg', '/wcsstore/Coles-CAS/images/1/3/3/133015_L-th.jpg', '/wcsstore/Coles-CAS/images/1/3/3/133015_R-th.jpg', '/wcsstore/Coles-CAS/images/1/3/3/133015_B-th.jpg']
Uncle Tobys	Traditional Rolled Oats	$ 4 .50	500g	$0.90 per 100G	"Disclaimer:
Product details, including nutritional information and country of origin, may change from time to time and so the product you receive in your order may not reflect the information on this page. Please check the packaging on any product you purchase and if it's not what you expected, feel free to return it for a full refund.
Details
Ingredients:
Contains Gluten Containing Ingredients . 100% Uncle Tobys Whole Grain Rolled Oats . May Contain Other Gluten Containing Ingredients and Lupin
Allergen:
May Contain Barley, May Contain Rye, May Contain Wheat, May Contain Lupin, Contains Gluten, Contains Oats
Servings Per Pack:
12.0
Storage Instructions:
Store in A Cool Dry Place
Dimensions:
212 x 125 x 57mm
Size:
500g
Preparation Instructions:
Delicious Porridge - Made Easy! We Recommend Stove Top Cooking for Uncle Tobys Rolled Oats Traditional. for Microwave Cooking, We Recommend Uncle Tobys Quick Oats. Stove Top Makes 3 Serves: 1 1/2 Cups of Oats 3 1/3 Cups of Water (Or Skim Milk)
Combine Ingredients in A Pan and Stir Well.
Bring To Boil, Stir, Then Boil for 5 Minutes Until Oats Are Thick and Creamy Add A Dash of Reduced Fat Or Skim Milk After Cooking for Even Creamier Oats! Microwave Makes 1 Serve: 1/2 Cup of Oats 3/4 Cup of Water Or 2/3 Cup Skim Milk
Combine Ingredients in A Bowl.
Heat On High for 1 1/2 Minutes.
Stir and Cook for A Further 1 Minute Caution: Bowl Will Be Very Hot! Directions Have Been Tested Using A 1000 Watt Microwave Oven and Are Given As A Guide Only.
Code: 299732P
2 9 9 7 3 2 P
Customers also purchased
Uncle Tobys Ancient Grains Oats 700g
Uncle Tobys Ancient Grains Oats
700g
$6.50
700g $0.93 per 100G
Unit Price
4more varieties
of Uncle Tobys Ancient Grains Oats 700g
Add
1
for $6.50

Uncle Tobys Oats Quick Sachets Creamy Honey 350g
Uncle Tobys Oats Quick Sachets Creamy Honey
350g
$6.30
350g $1.80 per 100G
Unit Price
4.5 (55)
4.5 out of 5 stars from 55 ratings received
Add
1
for $6.30

Uncle Tobys Oats Quick Sachets Brown Sugar & Cinnamon 350g
Uncle Tobys Oats Quick Sachets Brown Sugar & Cinnamon
350g
$6.30
350g $1.80 per 100G
Unit Price
5.0 (3)
5.0 out of 5 stars from 3 ratings received
Add
1
for $6.30

Uncle Tobys Oats Quick Sachets Classic Variety 350g
Uncle Tobys Oats Quick Sachets Classic Variety
350g
$6.30
350g $1.80 per 100G
Unit Price
5.0 (1)
5.0 out of 5 stars from 1 ratings received
Add
1
for $6.30"	['/wcsstore/Coles-CAS/images/2/9/9/299732-th.jpg', '/wcsstore/Coles-CAS/images/2/9/9/299732_L-th.jpg', '/wcsstore/Coles-CAS/images/2/9/9/299732_R-th.jpg', '/wcsstore/Coles-CAS/images/2/9/9/299732_B-th.jpg']
Uncle Tobys	Oats Quick Sachets Breakfast Cereal Creamy Honey	$ 9 .50	700g	$1.36 per 100G	"Nutrition Facts
Serving size: 1 serving = 35g
Qty
Quantity
per serving Qty
Quantity
per 100g / 100ml %
Percentage
daily intake*
Energy 570kJ 1630kJ 7%
Protein 3.5g 10.1g 7%
Total Fat 2.6g 7.6g 4%
Saturated Fat 0.6g 1.8g 3%
Carbohydrate 23.2g 66.4g 7%
Sugars 6.8g 19.3g 8%
Dietary Fibre Total 2.3g 6.5g 8%
Sodium 8mg 22mg
Less than
< 1%
*Percentage Daily Intake per serving. Percentage Daily Intakes are based on an average adult diet of 8700 kJ. Your daily intakes may be higher or lower depending on your energy needs.
Disclaimer:
Product details, including nutritional information and country of origin, may change from time to time and so the product you receive in your order may not reflect the information on this page. Please check the packaging on any product you purchase and if it's not what you expected, feel free to return it for a full refund.
Details
Ingredients:
Contains Gluten Containing Ingredients and Milk Uncle Tobys Whole Grain Rolled Oats (70%), Sugar, Honey [Dried Honey (1.5%), Maize Maltodextrin, Natural Flavour], Milk Powder. May Contain Other Gluten Containing Ingredients, Tree Nuts and Lupin
Allergen:
May Contain Barley, May Contain Rye, May Contain Wheat, May Contain Tree Nuts, May Contain Lupin, Contains Milk, Contains Oats, Contains Cereals
Servings Per Pack:
20.0
Storage Instructions:
Store in A Cool Dry Place
Dimensions:
220 x 135 x 120mm
Size:
700g
Preparation Instructions:
2 Simple Steps To A Nutritious Start Step 1: Empty Sachet Into A Microwaveable Bowl & Add 1/2 Cup of Skim Milk Or Water (Or Pour To Fill Line Indicated On Empty Sachet) and Stir To Mix Step 2: Microwave On High for 90 Seconds, Stir & Allow To Cool Slightly Before Serving. Directions Have Been Tested Using A 950 Watt Microwave Oven and Are Given As A Guide Only. Alternatively Add the Sachet and 1/2 Cup of Skim Milk Or Water To A Saucepan. Bring To the Boil, Stir, Simmer for 40 Seconds. Allow To Cool Slightly Before Serving. for A Smoother Consistency Add A Little Extra Liquid After Cooking.
Code: 3993166P
3 9 9 3 1 6 6 P
Customers also purchased
Uncle Tobys Oats Quick Sachets Breakfast Cereal Original 680g
Uncle Tobys Oats Quick Sachets Breakfast Cereal Original
680g
$9.50
Until 15 Aug 2023
680g $1.40 per 100G
Unit Price
Add
1
for $9.50

Uncle Tobys Oats Quick Sachets Creamy Vanilla 350g
Uncle Tobys Oats Quick Sachets Creamy Vanilla
350g
$6.30
350g $1.80 per 100G
Unit Price
5.0 (1)
5.0 out of 5 stars from 1 ratings received
Add
1
for $6.30

Uncle Tobys Oats Quick Sachets Berry Variety 350g
Uncle Tobys Oats Quick Sachets Berry Variety
350g
$6.30
350g $1.80 per 100G
Unit Price
Add
1
for $6.30

Uncle Tobys Oats Quick Sachets Classic Variety 350g
Uncle Tobys Oats Quick Sachets Classic Variety
350g
$6.30
350g $1.80 per 100G
Unit Price
5.0 (1)
5.0 out of 5 stars from 1 ratings received
Add
1
for $6.30"	['/wcsstore/Coles-CAS/images/3/9/9/3993166-th.jpg', '/wcsstore/Coles-CAS/images/3/9/9/3993166_L-th.jpg', '/wcsstore/Coles-CAS/images/3/9/9/3993166_R-th.jpg', '/wcsstore/Coles-CAS/images/3/9/9/3993166_B-th.jpg']
Kellogg's	Special K Forest Berries Breakfast Cereal	$ 7 .00	380g	$1.84 per 100G	"Nutrition Facts
Serving size: 1 serving = 40g
Qty
Quantity
per serving Qty
Quantity
per 100g / 100ml %
Percentage
daily intake*
Energy 650kJ 1610kJ 7%
Protein 6.9g 17.3g 14%
Total Fat 0.9g 2.3g 1%
Saturated Fat 0.2g 0.6g 1%
Carbohydrate 27.9g 69.8g 9%
Sugars 8.8g 21.9g 10%
Dietary Fibre Total 2.4g 6.1g 8%
Sodium 120mg 300mg 5%
Folic Acid 50ug 125ug 25% RDI*
Vitamin B2 0.42mg 1.06mg 25% RDI*
Vitamin B3 2.5mg 6.2mg 25% RDI*
Vitamin D 1ug 2.5ug 10% RDI*
Calcium 200mg 500mg 25% RDI*
Iron 3mg 7.5mg 25% RDI*
Zinc 1.8mg 4.5mg 15% RDI*
Vitamin B6 0.4mg 1mg 25% RDI*
*Percentage Daily Intake per serving. Percentage Daily Intakes are based on an average adult diet of 8700 kJ. Your daily intakes may be higher or lower depending on your energy needs.
Disclaimer:
Product details, including nutritional information and country of origin, may change from time to time and so the product you receive in your order may not reflect the information on this page. Please check the packaging on any product you purchase and if it's not what you expected, feel free to return it for a full refund.
Details
Ingredients:
Rice (38%), whole grains (21%)(wheat, oat flour), sugar, wheat protein, dried forest berries (3.5%)(strawberries, blueberries), minerals (calcium carbonate, iron, zinc oxide), oat fibre, salt, barley malt extract, vitamins (niacin, vitamin D, vitamin B6, riboflavin, folate), natural flavour.
Contains:
Contains gluten, wheat. May contain peanut, tree nuts.
Allergen:
May Be Present Tree Nuts, May Be Present Peanuts, Contains Gluten, Contains Wheat
Servings Per Pack:
9.0
Storage Instructions:
This product unopened will keep fresh at least until end of month indicated if stored in normal dry conditions.
Usage Instructions:
To open: Slide finger under tab and break seal left to right. A dollop of yoghurt, topped with a handful of pomegranate jewels roasted pistachio pieces, and a drizzle of berry coulis. Yum!
Size:
380g
Warning:
This product is sold by weight, not volume. Some settling of contents may have occurred during shipment and handling.
Code: 8492758P
8 4 9 2 7 5 8 P"	['/wcsstore/Coles-CAS/images/8/4/9/8492758-th.jpg', '/wcsstore/Coles-CAS/images/8/4/9/8492758_L-th.jpg', '/wcsstore/Coles-CAS/images/8/4/9/8492758_R-th.jpg', '/wcsstore/Coles-CAS/images/8/4/9/8492758_B-th.jpg']
Sanitarium	Weet-Bix Organic	$ 5 .00	750g	$0.67 per 100G	"Nutrition Facts
Serving size: 1 serving = 30g
Qty
Quantity
per serving Qty
Quantity
per 100g / 100ml %
Percentage
daily intake*
Energy 441kJ 1470kJ
Not provided
Energy Cal 105Cal 351Cal
Not provided
Protein 3.8g 12.5g
Not provided
Total Fat 0.4g 1.2g
Not provided
Saturated Fat 0.1g 0.3g
Not provided
Trans 0.0g 0.0g
Not provided
Polyunsaturated 0.2g 0.8g
Not provided
Mono Unsaturated 0.1g 0.2g
Not provided
Carbohydrate 19.9g 66.3g
Not provided
Sugars 0.8g 2.8g
Not provided
Dietary Fibre Total 3.1g 10.4g
Not provided
Sodium 81mg 269mg
Not provided
Potassium 110mg 365mg
Not provided
Magnesium 32mg 105mg 10%*
*Percentage Daily Intake per serving. Percentage Daily Intakes are based on an average adult diet of 8700 kJ. Your daily intakes may be higher or lower depending on your energy needs.
Disclaimer:
Product details, including nutritional information and country of origin, may change from time to time and so the product you receive in your order may not reflect the information on this page. Please check the packaging on any product you purchase and if it's not what you expected, feel free to return it for a full refund.
Details
Ingredients:
Organic Wholegrain Wheat (97%), Organic Sugar, Salt, Barley Malt Extract.
Contains:
Gluten, Wheat.
Allergen:
Contains Wheat
Servings Per Pack:
24.0
Size:
750g
Warning:
Made in Australia from at least 97% Australian ingredients.
Code: 4975895P
4 9 7 5 8 9 5 P
Customers also purchased
Kellogg's Corn Flakes Breakfast Cereal 725g
Kellogg's Corn Flakes Breakfast Cereal
725g
$6.50
725g $0.90 per 100G
Unit Price
1more variety
of Kellogg's Corn Flakes Breakfast Cereal 725g
Add
1
for $6.50

Uncle Tobys Cheerios Multigrain Cereal 320g on special
Uncle Tobys Cheerios Multigrain Cereal
320g on special
$4.80
save
$1.70
320g $1.50 per 100G
Unit Price
Add
1
for $4.80"	['/wcsstore/Coles-CAS/images/4/9/7/4975895-th.jpg', '/wcsstore/Coles-CAS/images/4/9/7/4975895_L-th.jpg', '/wcsstore/Coles-CAS/images/4/9/7/4975895_R-th.jpg', '/wcsstore/Coles-CAS/images/4/9/7/4975895_B-th.jpg']
Sanitarium	Weet-Bix Multi-Grain Cereal	$ 4 .50	575g	$0.78 per 100G	"Nutrition Facts
Serving size: 1 serving = 48g
Qty
Quantity
per serving Qty
Quantity
per 100g / 100ml %
Percentage
daily intake*
Energy 739 1540
Not provided
Energy Cal 176 367
Not provided
Protein 5.4 11.3
Not provided
Total Fat 1.5 3.2
Not provided
Saturated Fat 0.4 0.9
Not provided
Carbohydrate 32.6 67.9
Not provided
Sugars 4.3 9.0
Not provided
Dietary Fibre Total 4.4 9.2
Not provided
Sodium 127mg 264mg
Not provided
Potassium 149mg 310mg
Not provided
Folic Acid 87ug 180ug 44%
Vitamin B1 0.55mg 1.15mg 50%
Vitamin B2 0.43mg 0.89mg 25%
Vitamin B3 2.5mg 5.2mg 25%
Iron 3.0mg 6.3mg 25%
Magnesium 42mg 87mg 13%
*Percentage Daily Intake per serving. Percentage Daily Intakes are based on an average adult diet of 8700 kJ. Your daily intakes may be higher or lower depending on your energy needs.
Disclaimer:
Product details, including nutritional information and country of origin, may change from time to time and so the product you receive in your order may not reflect the information on this page. Please check the packaging on any product you purchase and if it's not what you expected, feel free to return it for a full refund.
Details
Ingredients:
Whole Grain Cereals (73%) [Wheat (39%), Rye (12%), Sorghum (11%), Oats (11%)], Rice, Sugar, Puffed Wheat, Barley Malt Extract, Coconut (1.5%), Salt, Honey (0.5%), Vegetable Oil, Vitamins [Niacin, Riboflavin, Vitamin E (Contains Soy), Thiamin, Folate], Mineral (Iron).
Contains:
Contains Cereals Containing Gluten. May contain soy, milk, tree nuts, sesame and lupin.
Allergen:
May Be Present Tree Nuts, Contains Cereals Containing Gluten
Servings Per Pack:
12.0
Storage Instructions:
Store in a cool, dry place.
Usage Instructions:
Serve in a bowl with your favourite type of milk and fruit.
Size:
575g
Warning:
Made in Australia from at least 79% Australian ingredients.
Code: 429612P
4 2 9 6 1 2 P
Customers also purchased
Sanitarium Weet-Bix Hi-Bran Cereal 750g on special
Sanitarium Weet-Bix Hi-Bran Cereal
750g on special
$5.00
save
$1.20
750g $0.67 per 100G
Unit Price
Add
1
for $5.00

Sanitarium Weet-Bix Bites Crunchy Honey Cereal 510g
Sanitarium Weet-Bix Bites Crunchy Honey Cereal
510g
$4.50
Was $5.00 Jul 2022
510g $0.88 per 100G
Unit Price
Add
1
for $4.50

Sanitarium Weet-Bix Blends Cranberry & Coconut Cereal 450g on special
Sanitarium Weet-Bix Blends Cranberry & Coconut Cereal
450g on special
$4.50
save
$1.20
450g $1.00 per 100G
Unit Price
Add
1
for $4.50

Sanitarium Weet-Bix Blends Multi-Grain Cereal 860g
Sanitarium Weet-Bix Blends Multi-Grain Cereal
860g
$8.00
860g $0.93 per 100G
Unit Price
Add
1
for $8.00"	['/wcsstore/Coles-CAS/images/4/2/9/429612-th.jpg', '/wcsstore/Coles-CAS/images/4/2/9/429612_L-th.jpg', '/wcsstore/Coles-CAS/images/4/2/9/429612_R-th.jpg', '/wcsstore/Coles-CAS/images/4/2/9/429612_B-th.jpg']
Sanitarium	Weet-Bix Gluten Free Coconut & Cinnamon Breakfast Cereal	$ 5 .30	400g	$1.33 per 100G	"Nutrition Facts
Serving size: 1 serving = 33g
Qty
Quantity
per serving Qty
Quantity
per 100g / 100ml %
Percentage
daily intake*
Energy 535kJ 1620kJ
Not provided
Energy Cal 128 Cal 387 Cal
Not provided
Protein 3.2g 9.7g
Not provided
Total Fat 2.2g 6.8g
Not provided
Saturated Fat 1.2g 3.5g
Not provided
Trans 0.0g 0.0g
Not provided
Polyunsaturated 0.4g 1.3g
Not provided
Mono Unsaturated 0.6g 1.9g
Not provided
Carbohydrate 21.9g 66.5g
Not provided
Sugars 2.2g 6.8g
Not provided
Dietary Fibre Total 2.8g 8.6g
Not provided
Sodium 55mg 167mg
Not provided
Potassium 113gmg 342mg
Not provided
Vitamin B1 0.55g 1.67g (50%)*
Vitamin B2 0.43g 1.30g (25%)*
Vitamin B3 2.5g 7.6g (25%)*
Vitamin E 2.5g 7.6g (25%)*
Iron 1.3mg 4.0mg (11%)*
Magnesium 34mg 103mg (10%)*
*Percentage Daily Intake per serving. Percentage Daily Intakes are based on an average adult diet of 8700 kJ. Your daily intakes may be higher or lower depending on your energy needs.
Disclaimer:
Product details, including nutritional information and country of origin, may change from time to time and so the product you receive in your order may not reflect the information on this page. Please check the packaging on any product you purchase and if it's not what you expected, feel free to return it for a full refund.
Details
Ingredients:
Wholegrain sorghum (77%), flavoured rice puffs (14%) [rice flour (5%), sugar, sunflower oil, golden syrup, rice bran (1%), plant fibre, psyllium husk, cinnamon, natural flavour], desiccated coconut (5%), golden syrup, salt, vitamins (E, B3, B1, B2, folate).
Allergen:
May Be Present Soy
Servings Per Pack:
12.0
Storage Instructions:
Store in a cool, dry place.
Size:
400g
Code: 2715962P
2 7 1 5 9 6 2 P
Customers also purchased
Coles I'M Free From Branflakes With Raisins 250g
Coles I'M Free From Branflakes With Raisins
250g
$3.50
Until 02 May 2023
250g $1.40 per 100G
Unit Price
Add
1
for $3.50

Kellogg's Gluten Free Sultana Bran Breakfast Cereal 350g
Kellogg's Gluten Free Sultana Bran Breakfast Cereal
350g
$7.00
350g $2.00 per 100G
Unit Price
Add
1
for $7.00"	['/wcsstore/Coles-CAS/images/2/7/1/2715962-th.jpg', '/wcsstore/Coles-CAS/images/2/7/1/2715962_L-th.jpg', '/wcsstore/Coles-CAS/images/2/7/1/2715962_R-th.jpg', '/wcsstore/Coles-CAS/images/2/7/1/2715962_B-th.jpg']
Uncle Tobys	Plus Fibre Cereal	$ 8 .80	775g	$1.14 per 100G	"Nutrition Facts
Serving size: 1 serving = 40 g
Qty
Quantity
per serving Qty
Quantity
per 100g / 100ml %
Percentage
daily intake*
Energy 560 kJ 1410 kJ 6%
Protein 3.5 g 8.8 g 7%
Total Fat
Not provided
2.1 g 1%
Saturated Fat 0.2 g 0.4 g 1%
Carbohydrate 24.3 g 60.7 g 8%
Sugars 7.4 g 18.6 g 8%
Dietary Fibre Total 7.2 g 18 g 24%
Sodium 43 mg 105 mg 2%
Folic Acid 100 ug 250 ug 50%
Vitamin B2 0.42 mg 1.05 mg 25%
Vitamin B3 2.5 mg 6.2 mg 25%
Vitamin E 1 mg 2.5 mg 10%
Calcium 160 mg 400 mg 20%
Iron 2.4 mg 6 mg 20%
Zinc 1.8 mg 4.5 mg 15%
Vitamin B6 0.4 mg 1 mg 25%
*Percentage Daily Intake per serving. Percentage Daily Intakes are based on an average adult diet of 8700 kJ. Your daily intakes may be higher or lower depending on your energy needs.
Disclaimer:
Product details, including nutritional information and country of origin, may change from time to time and so the product you receive in your order may not reflect the information on this page. Please check the packaging on any product you purchase and if it's not what you expected, feel free to return it for a full refund.
Details
Ingredients:
Whole Grain Wheat (50%), Dried Fruit [Sultanas (13%), Apple (5%), Preservative (223) ( Sulphites )*], Wheat Bran, Sugar, Oat Or Wheat Fibre, Wheat Flour, Malt Extract ( Barley ), Salt. Vitamins and Minerals: Minerals (Calcium, Iron, Zinc), Vitamins [Niacin, E, B2, B6, Folic Acid]. Contains Gluten, Wheat, Sulphites. May Contain Rye, Milk, Soy, Tree Nuts, Lupin.
Allergen:
May Be Present Soybean, May Be Present Nuts, May Be Present Rye, May Be Present Milk, Contains Barley, Contains Sulphur Dioxide, Contains Wheat, Contains Oats, May Be Present Lupin, Contains Cereals Containing Gluten
Servings Per Pack:
19.0
Storage Instructions:
Store in A Cool Dry Place
Size:
775 g
Preparation Instructions:
Try Adding Berries and Coconut for A Tasty Brekkie On the Go, Try Blending Apricots, Chia Seeds and Almond Butter With Your Favourite Plus Cereal. Roll Into Balls With A Sprinkling of Coconut Or Hemp Seeds. Enjoy! for Full Recipe Visit Our Website
Code: 8930221P
8 9 3 0 2 2 1 P
Customers also purchased
Uncle Tobys Plus Antioxidant Cereal 765g
Uncle Tobys Plus Antioxidant Cereal
765g
$8.80
765g $1.15 per 100G
Unit Price
3.8 (37)
3.8 out of 5 stars from 37 ratings received
5more sizes and varieties
of Uncle Tobys Plus Antioxidant Cereal 765g
Add
1
for $8.80

Uncle Tobys Plus Protein Cereal 705g
Uncle Tobys Plus Protein Cereal
705g
$8.80
705g $1.25 per 100G
Unit Price
4.4 (12)
4.4 out of 5 stars from 12 ratings received
4more varieties
of Uncle Tobys Plus Protein Cereal 705g
Add
1
for $8.80

Uncle Tobys Plus Muesli Flakes 820g
Uncle Tobys Plus Muesli Flakes
820g
$8.80
820g $1.07 per 100G
Unit Price
4.6 (59)
4.6 out of 5 stars from 59 ratings received
4more varieties
of Uncle Tobys Plus Muesli Flakes 820g
Add
1
for $8.80

Uncle Tobys Plus Iron Cereal 710g
Uncle Tobys Plus Iron Cereal
710g
$8.80
710g $1.24 per 100G
Unit Price
4.6 (31)
4.6 out of 5 stars from 31 ratings received
5more sizes and varieties
of Uncle Tobys Plus Iron Cereal 710g
Add
1
for $8.80

Plus Fibre Cereal"	['/wcsstore/Coles-CAS/images/8/9/3/8930221-th.jpg', '/wcsstore/Coles-CAS/images/8/9/3/8930221_L-th.jpg', '/wcsstore/Coles-CAS/images/8/9/3/8930221_R-th.jpg', '/wcsstore/Coles-CAS/images/8/9/3/8930221_B-th.jpg']
Uncle Tobys	Breakfast Bakes Honey and Almond Oats 4 pack	$ 6 .30	260g	$2.42 per 100G	"Disclaimer:
Product details, including nutritional information and country of origin, may change from time to time and so the product you receive in your order may not reflect the information on this page. Please check the packaging on any product you purchase and if it's not what you expected, feel free to return it for a full refund.
Details
Dimensions:
160 x 140 x 50mm
Size:
260g
Code: 3375338P
3 3 7 5 3 3 8 P
Customers also purchased
Uncle Tobys Breakfast Bakes Berry Harvest Oats 4 pack 260g
Uncle Tobys Breakfast Bakes Berry Harvest Oats 4 pack
260g
$6.30
Until 02 May 2023
Was $7.00 Jan 2023
260g $2.42 per 100G
Unit Price
4.3 (4)
4.3 out of 5 stars from 4 ratings received
2more varieties
of Uncle Tobys Breakfast Bakes Berry Harvest Oats 4 pack 260g
Add
1
for $6.30

Uncle Tobys Breakfast Bakes Apple & Cinnamon Oats 4 pack 260g
Uncle Tobys Breakfast Bakes Apple & Cinnamon Oats 4 pack
260g
$6.30
Until 02 May 2023
Was $7.00 Jan 2023
260g $2.42 per 100G
Unit Price
4.7 (3)
4.7 out of 5 stars from 3 ratings received
2more varieties
of Uncle Tobys Breakfast Bakes Apple & Cinnamon Oats 4 pack 260g
Add
1
for $6.30

Sanitarium Up&Go Dairy Free Choc 3x250mL 750mL
Sanitarium Up&Go Dairy Free Choc 3x250mL
750mL
$5.60
750mL $7.47 per 1L
Unit Price
Add
1
for $5.60

Breakfast Bakes Honey and Almond Oats 4 pack"	['/wcsstore/Coles-CAS/images/3/3/7/3375338-th.jpg', '/wcsstore/Coles-CAS/images/3/3/7/3375338_B-th.jpg']
Sanitarium	So Good Long Life Original Almond Milk	$ 2 .00	1L	$2.00 per 1L	"Nutrition Facts
Serving size: 1 serving = 250mL
Qty
Quantity
per serving Qty
Quantity
per 100g / 100ml %
Percentage
daily intake*
Energy 308kJ 123kJ
Not provided
Energy Cal 74Cal 29Cal
Not provided
Protein 1.4g 0.6g
Not provided
Total Fat 3.4g 1.4g
Not provided
Saturated Fat 0.3g 0.1g
Not provided
Trans 0.0g 0.0g
Not provided
Polyunsaturated 1.0g 0.4g
Not provided
Mono Unsaturated 2.2g 0.9g
Not provided
Cholesterol 0.0mg 0.0mg
Not provided
Carbohydrate 9.0g 3.6g
Not provided
Sugars 8.6g 3.4g
Not provided
Dietary Fibre Total 0.7g 0.3g
Not provided
Sodium 80mg 32mg
Not provided
Galactose 0.0g 0.0g
Not provided
Gluten Not Detected Not Detected
Not provided
Lactose 0.0g 0.0g
Not provided
Potassium 48mg 19mg
Not provided
Vitamin B2 0.43mg 0.17mg
Not provided
Vitamin B12 1.0ug 0.4ug
Not provided
Vitamin E 1.5mg 0.6mg
Not provided
Calcium 300mg 120mg
Not provided
*Percentage Daily Intake per serving. Percentage Daily Intakes are based on an average adult diet of 8700 kJ. Your daily intakes may be higher or lower depending on your energy needs.
Disclaimer:
Product details, including nutritional information and country of origin, may change from time to time and so the product you receive in your order may not reflect the information on this page. Please check the packaging on any product you purchase and if it's not what you expected, feel free to return it for a full refund.
Details
Ingredients:
Filtered Water, Cane Sugar, Ground Almonds (2.5%), Mineral (Calcium), Emulsifier (Sunflower Lecithin), Natural Flavour, Salt, Mineral Salt (Sodium Bicarbonate), Vegetable Gum (Gellan), Antioxidant (Ascorbic Acid), Vitamins (B12, B2, B1). All ingredients are of non-animal origin.
Contains:
Almonds
Allergen:
Contains Tree Nuts
Dietary:
Cholesterol free, No Artificial Flavours or Colours
Servings Per Pack:
4.0
Storage Instructions:
Refrigerate after opening.
Usage Instructions:
Use within 5 days. One step opening, just twist cap Shake well Chill me now!
Size:
1L
Warning:
Not suitable as a complete milk food for children under 5 years of age.
Code: 9089036P
9 0 8 9 0 3 6 P
Customers also purchased
Sanitarium So Good Almond Vanilla Long Life Milk 1L on special
Sanitarium So Good Almond Vanilla Long Life Milk
1L on special
$2.00
save
$1.20
1L $2.00 per 1L
Unit Price
Add
1
for $2.00

Coles Organic Unsweetened Almond Milk 1L
Coles Organic Unsweetened Almond Milk
1L
$2.50
Until 02 May 2023
1L $2.50 per 1L
Unit Price
Add
1
for $2.50

Sanitarium So Good High Protein Almond Milk 1L on special
Sanitarium So Good High Protein Almond Milk
1L on special
$2.00
save
$1.40
1L $2.00 per 1L
Unit Price
Add
1
for $2.00"	['/wcsstore/Coles-CAS/images/9/0/8/9089036-th.jpg', '/wcsstore/Coles-CAS/images/9/0/8/9089036_L-th.jpg', '/wcsstore/Coles-CAS/images/9/0/8/9089036_R-th.jpg', '/wcsstore/Coles-CAS/images/9/0/8/9089036_B-th.jpg']
Sanitarium	So Good Long Life Unsweetened Almond & Coconut Milk	$ 2 .00	1L	$2.00 per 1L	"Nutrition Facts
Serving size: 1 serving = 250mL
Qty
Quantity
per serving Qty
Quantity
per 100g / 100ml %
Percentage
daily intake*
Energy 180kJ 72kJ
Not provided
Energy Cal 43Cal 17Cal
Not provided
Protein 1.3g 0.5g
Not provided
Total Fat 3.7g 1.5g
Not provided
Saturated Fat 0.8g 0.3g
Not provided
Trans 0.0g 0.0g
Not provided
Polyunsaturated 0.9g 0.4g
Not provided
Mono Unsaturated 2.0g 0.8g
Not provided
Cholesterol 0.0mg 0.0mg
Not provided
Carbohydrate 0.9g 0.3g
Not provided
Sugars 0.5g 0.2g
Not provided
Dietary Fibre Total 0.7g 0.3g
Not provided
Sodium 79mg 31mg
Not provided
Galactose 0.0g 0.0g
Not provided
Gluten Not Detected Not Detected
Not provided
Lactose 0.0g 0.0g
Not provided
Potassium 51mg 20mg
Not provided
Vitamin B2
Not provided
0.17mg
Not provided
Vitamin B12
Not provided
0.4ug
Not provided
Vitamin E
Not provided
0.6mg
Not provided
Calcium
Not provided
120mg
Not provided
*Percentage Daily Intake per serving. Percentage Daily Intakes are based on an average adult diet of 8700 kJ. Your daily intakes may be higher or lower depending on your energy needs.
Disclaimer:
Product details, including nutritional information and country of origin, may change from time to time and so the product you receive in your order may not reflect the information on this page. Please check the packaging on any product you purchase and if it's not what you expected, feel free to return it for a full refund.
Details
Ingredients:
Filtered Water, Almonds (2.5%), Coconut Cream (1%), Mineral (Calcium), Emulsifier (Sunflower Lecithin), Salt, Vegetable Gum (Gellan), Mineral Salt (Sodium Bicarbonate), Natural Flavour, Antioxidant (Ascorbic Acid), Vitamins (B12, B2, B1). All Ingredients are of non-animal origin.
Contains:
Almonds.
Allergen:
Contains Tree Nuts
Dietary:
Cholesterol free, Low in Sugar, No Added Sugars, No Artificial Flavours or Colours
Servings Per Pack:
4.0
Storage Instructions:
Chill me now! Refrigerate after opening. Use within 5 days.
Usage Instructions:
One step opening, just twist cap. Shake well.
Size:
1L
Warning:
Not suitable as a complete milk food for children under 5 years of age.
Code: 1987118P
1 9 8 7 1 1 8 P
Customers also purchased
Sanitarium So Good Long Life Unsweetened Almond Milk 1L on special
Sanitarium So Good Long Life Unsweetened Almond Milk
1L on special
$2.00
1L $2.00 per 1L
Unit Price
Add
1
for $2.00

Sanitarium So Good Almond Vanilla Long Life Milk 1L on special
Sanitarium So Good Almond Vanilla Long Life Milk
1L on special
$2.00
save
$1.20
1L $2.00 per 1L
Unit Price
Add
1
for $2.00

Sanitarium So Good Long Life Unsweetened Cashew Milk 1L on special
Sanitarium So Good Long Life Unsweetened Cashew Milk
1L on special
$2.00
save
$1.40
1L $2.00 per 1L
Unit Price
Add
1
for $2.00

Sanitarium So Good High Protein Almond Milk 1L on special
Sanitarium So Good High Protein Almond Milk
1L on special
$2.00
save
$1.40
1L $2.00 per 1L
Unit Price
Add
1
for $2.00"	['/wcsstore/Coles-CAS/images/1/9/8/1987118-th.jpg', '/wcsstore/Coles-CAS/images/1/9/8/1987118_L-th.jpg', '/wcsstore/Coles-CAS/images/1/9/8/1987118_R-th.jpg', '/wcsstore/Coles-CAS/images/1/9/8/1987118_B-th.jpg']
Sanitarium	So Good Long Life Regular Soy Milk	$ 2 .20	1L	$2.20 per 1L	"Nutrition Facts
Serving size: 1 serving = 250mL
Qty
Quantity
per serving Qty
Quantity
per 100g / 100ml %
Percentage
daily intake*
Energy 683kJ 273kJ
Not provided
Energy Cal 163Cal 65Cal
Not provided
Protein 8.0g 3.2g
Not provided
Total Fat 8.8g 3.5g
Not provided
Saturated Fat 1.0g 0.4g
Not provided
Trans 0.0g 0.0g
Not provided
Polyunsaturated 4.3g 1.7g
Not provided
Mono Unsaturated 3.5g 1.4g
Not provided
Cholesterol 0.0mg 0.0mg
Not provided
Carbohydrate 12.8g 5.1g
Not provided
Sugars 5.0g 2.0g
Not provided
Dietary Fibre Total 0.8g 0.3g
Not provided
Sodium 100mg 40mg
Not provided
Galactose 0.0g 0.0g
Not provided
Gluten Not Detected Not Detected
Not provided
Lactose 0.0g 0.0g
Not provided
Potassium 363mg 145mg
Not provided
Vitamin A 100ug 40ug
Not provided
Vitamin B2 0.43mg 0.17mg
Not provided
Vitamin B12 1.0ug 0.4ug
Not provided
Vitamin D 5ug 2ug
Not provided
Calcium 400mg 160mg
Not provided
*Percentage Daily Intake per serving. Percentage Daily Intakes are based on an average adult diet of 8700 kJ. Your daily intakes may be higher or lower depending on your energy needs.
Disclaimer:
Product details, including nutritional information and country of origin, may change from time to time and so the product you receive in your order may not reflect the information on this page. Please check the packaging on any product you purchase and if it's not what you expected, feel free to return it for a full refund.
Details
Ingredients:
Filtered Water, Soy Protein (3.5%), Corn Maltodextrin, Vegetable Oils (Sunflower, Canola), Cane Sugar, Minerals (Calcium, Phosphorus, Magnesium), Acidity Regulators (332, 450), Antioxidant (Ascorbic Acid), Vitamins (B12, D2, A, B2, B1), Natural Flavour. All ingredients are of non-animal origin.
Contains:
Soy
Allergen:
Contains Soy
Dietary:
Cholesterol free, No Artificial Flavours or Colours
Servings Per Pack:
4.0
Storage Instructions:
Refrigerate after opening
Usage Instructions:
Use within 5 days Chill me now! One step opening, just twist cap Shake well
Size:
1L
Warning:
So Good Regular is intended to supplement a diet which may be low in energy or vitamins and minerals. So Good can be used in cooking to replace whole dairy milk for infants from 7 months of age. So Good should not replace breast milk or infant formula for infants under 12 months of age.
Code: 403029P
4 0 3 0 2 9 P
Customers also purchased
Sanitarium So Good Long Life Lite Soy Milk 1L 1L
Sanitarium So Good Long Life Lite Soy Milk 1L
1L
$2.20
Until 02 May 2023
1L $2.20 per 1L
Unit Price
Add
1
for $2.20

Pureharvest Organic Malt Free Long Life Soy Drink 1L
Pureharvest Organic Malt Free Long Life Soy Drink
1L
$2.00
1L $2.00 per 1L
Unit Price
Add
1
for $2.00

Vitasoy Protein Plus 1L
Vitasoy Protein Plus
1L
$3.00
Until 02 May 2023
1L $3.00 per 1L
Unit Price
Add
1
for $3.00

Coles Organic Soy Milk 1L
Coles Organic Soy Milk
1L
$1.60
Until 02 May 2023
1L $1.60 per 1L
Unit Price
Add
1
for $1.60"	['/wcsstore/Coles-CAS/images/4/0/3/403029-th.jpg', '/wcsstore/Coles-CAS/images/4/0/3/403029_L-th.jpg', '/wcsstore/Coles-CAS/images/4/0/3/403029_R-th.jpg', '/wcsstore/Coles-CAS/images/4/0/3/403029_B-th.jpg']
Sanitarium	So Good Long Life Lite Soy Milk 1L	$ 2 .20	1L	$2.20 per 1L	"Nutrition Facts
Serving size: 1 serving = 250mL
Qty
Quantity
per serving Qty
Quantity
per 100g / 100ml %
Percentage
daily intake*
Energy 473kJ 189kJ
Not provided
Energy Cal 113Cal 45Cal
Not provided
Protein 8.5g 3.4g
Not provided
Total Fat 3.3g 1.3g
Not provided
Saturated Fat 0.4g 0.2g
Not provided
Trans 0.1g 0.0g
Not provided
Polyunsaturated 1.6g 0.6g
Not provided
Mono Unsaturated 1.41g 0.5g
Not provided
Cholesterol 0.0mg 0.0mg
Not provided
Carbohydrate 12.1g 4.8g
Not provided
Sugars 5.1g 2.0g
Not provided
Dietary Fibre Total 0.1g 0.0g
Not provided
Sodium 114mg 45mg
Not provided
Galactose 0.0mg 0.0mg
Not provided
Gluten Not detected Not detected
Not provided
Lactose 0.0mg 0.0mg
Not provided
Potassium 651mg 260mg
Not provided
Vitamin A 100ug(13%) 40ug
Not provided
Vitamin B2 0.43mg(25%) 0.17mg
Not provided
Vitamin B12 1.0ug(50%) 0.4ug
Not provided
Vitamin D 1.2ug(12%) 0.5ug
Not provided
Calcium 300mg(37%) 120mg
Not provided
*Percentage Daily Intake per serving. Percentage Daily Intakes are based on an average adult diet of 8700 kJ. Your daily intakes may be higher or lower depending on your energy needs.
Disclaimer:
Product details, including nutritional information and country of origin, may change from time to time and so the product you receive in your order may not reflect the information on this page. Please check the packaging on any product you purchase and if it's not what you expected, feel free to return it for a full refund.
Details
Ingredients:
Filtered Water, Soy Protein (3.5%), Corn Maltodextrin, Cane Sugar, Vegetable Oils (Sunflower, Canola), Acidity Regulators (332, 450), Minerals (Calcium, Phosphorus, Magnesium), Antioxidant (Ascorbic Acid), Vitamins (B12, A, B2, D2, B1), Natural Flavour. (All ingredients are of non-animal origin).
Contains:
Soy
Allergen:
Contains Soy
Dietary:
Source of Calcium, Low GI
Servings Per Pack:
1.0
Storage Instructions:
Refrigerate after opening.
Usage Instructions:
Use within 5 days. Shake well before using. Serve chilled.
Size:
1L
Warning:
Not suitable as a complete milk food for children under 2 years due to low fat content.
Code: 5089883P
5 0 8 9 8 8 3 P
Customers also purchased
Sanitarium So Good Long Life Regular Soy Milk 1L
Sanitarium So Good Long Life Regular Soy Milk
1L
$2.20
Until 02 May 2023
1L $2.20 per 1L
Unit Price
Add
1
for $2.20

Vitasoy Soy Milky Lite Long Life Milk 1L 1L
Vitasoy Soy Milky Lite Long Life Milk 1L
1L
$2.45
Until 02 May 2023
1L $2.45 per 1L
Unit Price
Add
1
for $2.45

Vitasoy Natural Creamy Long Life Soy Milk 1L 1L
Vitasoy Natural Creamy Long Life Soy Milk 1L
1L
$3.00
Until 02 May 2023
1L $3.00 per 1L
Unit Price
Add
1
for $3.00

Vitasoy Protein Plus 1L
Vitasoy Protein Plus
1L
$3.00
Until 02 May 2023
1L $3.00 per 1L
Unit Price
Add
1
for $3.00"	['/wcsstore/Coles-CAS/images/5/0/8/5089883-th.jpg', '/wcsstore/Coles-CAS/images/5/0/8/5089883_L-th.jpg', '/wcsstore/Coles-CAS/images/5/0/8/5089883_R-th.jpg', '/wcsstore/Coles-CAS/images/5/0/8/5089883_B-th.jpg']
Sanitarium	So Good Long Life Unsweetened Almond Milk	$ 2 .00	1L	$2.00 per 1L	"Nutrition Facts
Serving size: 1 serving = 250mL
Qty
Quantity
per serving Qty
Quantity
per 100g / 100ml %
Percentage
daily intake*
Energy 173kJ 69kJ
Not provided
Energy Cal 41Cal 16Cal
Not provided
Protein 1.4g 0.6g
Not provided
Total Fat 3.5g 1.4g
Not provided
Saturated Fat 0.3g 0.1g
Not provided
Trans 0.0g 0.0g
Not provided
Polyunsaturated 1.0g 0.4g
Not provided
Mono Unsaturated 2.2g 0.9g
Not provided
Cholesterol 0.0g 0.0g
Not provided
Carbohydrate 0.8g 0.3g
Not provided
Sugars 0.3g 0.1g
Not provided
Dietary Fibre Total 0.8g 0.3g
Not provided
Sodium 90mg 36mg
Not provided
Galactose 0.0g 0.0g
Not provided
Gluten Not Detected Not Detected
Not provided
Lactose 0.0g 0.0g
Not provided
Potassium 49mg 19mg
Not provided
Vitamin B2 0.43mg 0.17
Not provided
Vitamin B12 1.0ug 0.4ug
Not provided
Vitamin E 1.5mg 0.6mg
Not provided
Calcium 300mg 120mg
Not provided
*Percentage Daily Intake per serving. Percentage Daily Intakes are based on an average adult diet of 8700 kJ. Your daily intakes may be higher or lower depending on your energy needs.
Disclaimer:
Product details, including nutritional information and country of origin, may change from time to time and so the product you receive in your order may not reflect the information on this page. Please check the packaging on any product you purchase and if it's not what you expected, feel free to return it for a full refund.
Details
Ingredients:
Filtered Water, Ground Almonds (2.5%), Mineral (Calcium), Emulsifier (Sunflower Lecithin), Natural Flavour, Salt, Mineral Salt (Sodium Bicarbonate), Vegetable Gum (Gellan), Antioxidant (Ascorbic Acid), Vitamins (B12, B2, B1). All ingredients are of non-animal origin.
Contains:
Almonds
Allergen:
Contains Tree Nuts
Dietary:
Cholesterol free, No Artificial Flavours or Colours
Servings Per Pack:
4.0
Storage Instructions:
Refrigerate after opening.
Usage Instructions:
Use within 5 days. Chill me now! One step opening, just twist cap. Shake well.
Size:
1L
Warning:
Not suitable as a complete milk food for children under 5 years of age.
Code: 1260754P
1 2 6 0 7 5 4 P
Customers also purchased
Sanitarium So Good Almond Vanilla Long Life Milk 1L on special
Sanitarium So Good Almond Vanilla Long Life Milk
1L on special
$2.00
save
$1.20
1L $2.00 per 1L
Unit Price
Add
1
for $2.00

Sanitarium So Good Long Life Unsweetened Almond & Coconut Milk 1L on special
Sanitarium So Good Long Life Unsweetened Almond & Coconut Milk
1L on special
$2.00
1L $2.00 per 1L
Unit Price
Add
1
for $2.00

Blue Diamond Almond Breeze Chocolate Flavoured Almond Milk 1L on special
Blue Diamond Almond Breeze Chocolate Flavoured Almond Milk
1L on special
$2.10
save
$1.50
1L $2.10 per 1L
Unit Price
Add
1
for $2.10

Coles Dairy Free Barista Almond Milk 1L
Coles Dairy Free Barista Almond Milk
1L
$3.50
Until 02 May 2023
1L $3.50 per 1L
Unit Price
Add
1
for $3.50"	['/wcsstore/Coles-CAS/images/1/2/6/1260754-th.jpg', '/wcsstore/Coles-CAS/images/1/2/6/1260754_L-th.jpg', '/wcsstore/Coles-CAS/images/1/2/6/1260754_R-th.jpg', '/wcsstore/Coles-CAS/images/1/2/6/1260754_B-th.jpg']
Sanitarium	So Good Long Life No Added Sugar Oat Milk	$ 2 .80	1L	$2.80 per 1L	"Nutrition Facts
Serving size: 1 serving = 250mL
Qty
Quantity
per serving Qty
Quantity
per 100g / 100ml %
Percentage
daily intake*
Energy 451 181
Not provided
Energy Cal 108 43
Not provided
Protein 2.1 0.8
Not provided
Total Fat 3.7 1.5
Not provided
Saturated Fat 0.5 0.2
Not provided
Trans 0 0
Not provided
Polyunsaturated 1.5 0.6
Not provided
Mono Unsaturated 1.6 0.6
Not provided
Cholesterol 0 0
Not provided
Carbohydrate 16 6.4
Not provided
Sugars 5.6 2.3
Not provided
Dietary Fibre Total 1.1 0.5
Not provided
Sodium 108 43
Not provided
Galactose 0 0
Not provided
Lactose 0 0
Not provided
Potassium 613 245
Not provided
Vitamin A 100 40 13
Vitamin B2 0.43 0.17 25
Vitamin B12 1 0.4 50
Vitamin D 1.2 2.5 12
Calcium 300 120 37
*Percentage Daily Intake per serving. Percentage Daily Intakes are based on an average adult diet of 8700 kJ. Your daily intakes may be higher or lower depending on your energy needs.
Disclaimer:
Product details, including nutritional information and country of origin, may change from time to time and so the product you receive in your order may not reflect the information on this page. Please check the packaging on any product you purchase and if it's not what you expected, feel free to return it for a full refund.
Details
Ingredients:
Filtered water, milled oats (min. 9%), vegetable oils (sunflower, canola), minerals (calcium, phosphorus), acidity regulator (332), salt, antioxidant (ascorbic acid), vitamins (B12, A, B2, D, B1)
Contains:
Cereals containing gluten
Allergen:
Contains Oats
Dietary:
Cholesterol free
Servings Per Pack:
4.0
Storage Instructions:
Refrigerate after opening. Use within 5 days.
Size:
1L
Warning:
Not suitable as a complete milk food for children under 5 years of age.
Preparation Instructions:
Shake well. One step opening, just twist cap.
Code: 4204352P
4 2 0 4 3 5 2 P
Customers also purchased
Oatly Chocolate Oat Milk 1L
Oatly Chocolate Oat Milk
1L
$5.00
1L $5.00 per 1L
Unit Price
Add
1
for $5.00

Uncle Tobys Oat & Almond Milk 1L
Uncle Tobys Oat & Almond Milk
1L
$4.00
1L $4.00 per 1L
Unit Price
4.2 (9)
4.2 out of 5 stars from 9 ratings received
Add
1
for $4.00

Coles Barista Oat Milk 1L
Coles Barista Oat Milk
1L
$3.50
Until 02 May 2023
1L $3.50 per 1L
Unit Price
Add
1
for $3.50"	['/wcsstore/Coles-CAS/images/4/2/0/4204352-th.jpg', '/wcsstore/Coles-CAS/images/4/2/0/4204352_L-th.jpg', '/wcsstore/Coles-CAS/images/4/2/0/4204352_R-th.jpg', '/wcsstore/Coles-CAS/images/4/2/0/4204352_B-th.jpg']
Sanitarium	So Good High Protein Almond Milk	$ 2 .00	1L	$2.00 per 1L	"Nutrition Facts
Serving size: 1 serving = 250mL
Qty
Quantity
per serving Qty
Quantity
per 100g / 100ml %
Percentage
daily intake*
Energy Cal 96 Cal 39 Cal
Not provided
Protein 10.2g 4.1g
Not provided
Total Fat 5.7g 2.3g
Not provided
Carbohydrate 0.8g 0.3g
Not provided
Sugars 0.6g 0.2g
Not provided
Sodium 87mg 35mg
Not provided
*Percentage Daily Intake per serving. Percentage Daily Intakes are based on an average adult diet of 8700 kJ. Your daily intakes may be higher or lower depending on your energy needs.
Disclaimer:
Product details, including nutritional information and country of origin, may change from time to time and so the product you receive in your order may not reflect the information on this page. Please check the packaging on any product you purchase and if it's not what you expected, feel free to return it for a full refund.
Details
Ingredients:
Filtered water, ground almonds (4%), soy protein (3.5%), mineral (calcium), vegetable gum (gellan), antioxidant (ascorbic acid) , vitamins (B12, B2, B1.
Allergen:
May Contain OTHER TREE NUTS, Contains Almonds, Contains Soy
Dietary:
Cholesterol free, No Artificial Flavours or Colours
Servings Per Pack:
4.0
Storage Instructions:
Refrigerate after opening. Use within 5 days.
Suitable for:
Not suitable as a complete milk food for children under 2 years of age due to the low-fat content.
Warning:
Contains allergens.
Code: 3782932P
3 7 8 2 9 3 2 P
Customers also purchased
Sanitarium So Good Long Life Original Almond Milk 1L on special
Sanitarium So Good Long Life Original Almond Milk
1L on special
$2.00
1L $2.00 per 1L
Unit Price
Add
1
for $2.00

Sanitarium So Good Almond Vanilla Long Life Milk 1L on special
Sanitarium So Good Almond Vanilla Long Life Milk
1L on special
$2.00
save
$1.20
1L $2.00 per 1L
Unit Price
Add
1
for $2.00

Sanitarium So Good Long Life Unsweetened Almond & Coconut Milk 1L on special
Sanitarium So Good Long Life Unsweetened Almond & Coconut Milk
1L on special
$2.00
1L $2.00 per 1L
Unit Price
Add
1
for $2.00

Sanitarium So Good Long Life Unsweetened Cashew Milk 1L on special
Sanitarium So Good Long Life Unsweetened Cashew Milk
1L on special
$2.00
save
$1.40
1L $2.00 per 1L
Unit Price
Add
1
for $2.00"	['/wcsstore/Coles-CAS/images/3/7/8/3782932-th.jpg', '/wcsstore/Coles-CAS/images/3/7/8/3782932_L-th.jpg', '/wcsstore/Coles-CAS/images/3/7/8/3782932_R-th.jpg', '/wcsstore/Coles-CAS/images/3/7/8/3782932_B-th.jpg']
Sanitarium	So Good Long Life Unsweetened Cashew Milk	$ 2 .00	1L	$2.00 per 1L	"Nutrition Facts
Serving size: 1 serving = 250mL
Qty
Quantity
per serving Qty
Quantity
per 100g / 100ml %
Percentage
daily intake*
Energy 184kJ 73kJ
Not provided
Energy Cal 44g 18g
Not provided
Protein 1.1g 0.4g
Not provided
Total Fat 3.4g 1.4g
Not provided
Saturated Fat 0.7g 0.3g
Not provided
Trans 0.0g 0.0g
Not provided
Polyunsaturated 0.7g 0.3g
Not provided
Mono Unsaturated 1.9g 0.8g
Not provided
Cholesterol 0.0mg 0.0mg
Not provided
Carbohydrate 2.1g 0.8g
Not provided
Sugars 0.4g 0.1g
Not provided
Dietary Fibre Total 0.3g 0.1g
Not provided
Sodium 100mg 40mg
Not provided
Galactose 0.0g 0.0g
Not provided
Lactose 0.0g 0.0g
Not provided
Potassium 45mg 18mg
Not provided
Vitamin B2 0.43mg (25%)* 0.17mg
Not provided
Vitamin B12 1.0ug (50%)* 0.4ug
Not provided
Calcium 300mg (37%)* 120mg
Not provided
*Percentage Daily Intake per serving. Percentage Daily Intakes are based on an average adult diet of 8700 kJ. Your daily intakes may be higher or lower depending on your energy needs.
Disclaimer:
Product details, including nutritional information and country of origin, may change from time to time and so the product you receive in your order may not reflect the information on this page. Please check the packaging on any product you purchase and if it's not what you expected, feel free to return it for a full refund.
Details
Ingredients:
Filtered water, Ground cashew nuts (3%), Mineral (Calcium), Emulsifier (Sunflower lecithin), Salt, Natural Flavour, Mineral Salt (Sodium Bicarbonate), Vegetable Gum (Gellan), Antioxidant (Ascorbic Acid), Vitamins (B12, B2, B1), Traces of Almonds, All ingredients are of non-animal origin.
Contains:
Cashew nuts and almonds.
Allergen:
Contains Tree Nuts
Dietary:
No Added Sugars, No Artificial Flavours or Colours
Servings Per Pack:
4.0
Storage Instructions:
Refrigerate after opening, use within 5 days.
Usage Instructions:
Satay Hummus Prep Time: 10mins. Difficulty: Easy Serves: 30 Ingredients 2 x 425g can chickpeas, drained and rinsed 1/2 cup So Good Cashew Milk Unsweetened 2 shallots, chopped 1 clove garlic 3 tablespoons Sanitarium peanut butter 1 tablespoon lime juice 1 teaspoon lime zest 1 teaspoon salt Method Place all ingredients into a food processor and process until smooth and creamy. Serve with selection of vegetables and crackers. Makes 30 tablespoon serves. Tips Store in a glass jar in the refrigerator. For quick & easy recipes visit our website
Size:
1L
Warning:
Not suitable as a complete milk food for children under 5 years of age.
Preparation Instructions:
Chill me now! Shake well.
Code: 3478068P
3 4 7 8 0 6 8 P
Customers also purchased
Sanitarium So Good Almond Vanilla Long Life Milk 1L on special
Sanitarium So Good Almond Vanilla Long Life Milk
1L on special
$2.00
save
$1.20
1L $2.00 per 1L
Unit Price
Add
1
for $2.00

Sanitarium So Good Long Life Unsweetened Almond & Coconut Milk 1L on special
Sanitarium So Good Long Life Unsweetened Almond & Coconut Milk
1L on special
$2.00
1L $2.00 per 1L
Unit Price
Add
1
for $2.00

Suncoast Gold Macadamia Unsweetened Long Life Milk 1L 1L
Suncoast Gold Macadamia Unsweetened Long Life Milk 1L
1L
$4.30
1L $4.30 per 1L
Unit Price
Add
1
for $4.30

Sanitarium So Good High Protein Almond Milk 1L on special
Sanitarium So Good High Protein Almond Milk
1L on special
$2.00
save
$1.40
1L $2.00 per 1L
Unit Price
Add
1
for $2.00"	['/wcsstore/Coles-CAS/images/3/4/7/3478068-th.jpg', '/wcsstore/Coles-CAS/images/3/4/7/3478068_L-th.jpg', '/wcsstore/Coles-CAS/images/3/4/7/3478068_R-th.jpg', '/wcsstore/Coles-CAS/images/3/4/7/3478068_B-th.jpg']
Nestle	Milo Chocolate Malt Powder Drink	$ 6 .00	460g	$1.30 per 100G	"Nutrition Facts
Serving size: 1 serving = 20 g
Qty
Quantity
per serving Qty
Quantity
per 100g / 100ml %
Percentage
daily intake*
Energy 320 kJ 1610 kJ RDI 20g w 200mL Skim Milk: 7%
Energy Cal 80Cal 400Cal
Not provided
Protein 2.5 g 12.3 g RDI 20g w 200mL Skim Milk: 20%
Total Fat 1.9g 9.7 g RDI 20g w 200mL Skim Milk: 3%
Saturated Fat 1.3 g 6.3 g RDI 20g w 200mL Skim Milk: 5%
Carbohydrate 11.9 g 59.5 g RDI 20g w 200mL Skim Milk: 7%
Sugars 8.8 g 43.6 g RDI 20g w 200mL Skim Milk: 22%
Dietary Fibre Total 0.8 g 4.1 g RDI 20g w 200mL Skim Milk: 3%
Sodium 28 mg 140 mg RDI 20g w 200mL Skim Milk: 5%
Lactose 2.5g 12.3g
Not provided
Vitamin B2 0.32 mg 1.59 mg RDI 20g w 200mL Skim Milk: 40%
Vitamin B3 2.5 mg 12.5 mg RDI 20g w 200mL Skim Milk: 25%
Vitamin B12 0.4ug 2.0ug RDI 20g w 200mL Skim Milk: 50%
Vitamin C 9 mg 44 mg RDI 20g w 200mL Skim Milk: 23%
Vitamin D 2.7 ug 13.5 ug RDI 20g w 200mL Skim Milk: 28%
Calcium 170 mg 830 mg RDI 20g w 200mL Skim Milk: 50%
Iron 3.6 mg 18 mg RDI 20g w 200mL Skim Milk: 30%
Vitamin B6 0.4 mg 2 mg RDI 20g w 200mL Skim Milk: 25%
*Percentage Daily Intake per serving. Percentage Daily Intakes are based on an average adult diet of 8700 kJ. Your daily intakes may be higher or lower depending on your energy needs.
Disclaimer:
Product details, including nutritional information and country of origin, may change from time to time and so the product you receive in your order may not reflect the information on this page. Please check the packaging on any product you purchase and if it's not what you expected, feel free to return it for a full refund.
Details
Ingredients:
Ingredients: Extract of Malt Barley Or Malt Barley and Rice (Total Extract 38%), Milk Solids, Sugar, Cocoa, Choc Malt Blend, Minerals (Calcium, Iron), Maltodextrin (Corn), Vitamins (C, B3, B6, B2, D, B12), Emulsifier ( Soy Lecithin) Contains Gluten, Milk and Soy.
Contains:
Gluten, Milk and Soy.
Allergen:
Contains Soybean, Contains Barley, Contains Gluten, Contains Milk
Servings Per Pack:
23.0
Storage Instructions:
Store in A Cool Dry Place. Replace Lid Securely After Use. Use A Dry Spoon. After Opening, We Recommend This Product Be Consumed Within 8 Weeks
Size:
460 g
Warning:
Shelf Life (unopened): 18 Good to remember A glass of MILO and milk is a great source of nourishing energy. Good to know: MILO boosts the calcium of milk by 70% (AFCD-1).
Preparation Instructions:
Portion Control Make Your Perfect Cup of Milo Great To Enjoy Hot Or Cold Glass With Milk and Spoonx3 3 Heaped Teaspoons of Milo + 200ml Cold Or Hot (Not Boiling Skim Milk = Glass of Milo Now Brown With Words Stir & Enjoy
Code: 3516338P
3 5 1 6 3 3 8 P
Customers also purchased
Nestle Milo Chocolate Malt Powder Drink 200g
Nestle Milo Chocolate Malt Powder Drink
200g
$4.50
200g $2.25 per 100G
Unit Price
Add
1
for $4.50

Nestle Milo Chocolate Malt Powder Drink 700g
Nestle Milo Chocolate Malt Powder Drink
700g
$11.50
700g $1.64 per 100G
Unit Price
Add
1
for $11.50"	['/wcsstore/Coles-CAS/images/3/5/1/3516338-th.jpg', '/wcsstore/Coles-CAS/images/3/5/1/3516338_L-th.jpg', '/wcsstore/Coles-CAS/images/3/5/1/3516338_R-th.jpg', '/wcsstore/Coles-CAS/images/3/5/1/3516338_B-th.jpg']
Nestle	Milo Chocolate Malt Powder Drink	$ 11 .50	700g	$1.64 per 100G	"Nutrition Facts
Serving size: 1 serving = 20g
Qty
Quantity
per serving Qty
Quantity
per 100g / 100ml %
Percentage
daily intake*
Energy 320kJ 1610kJ
Not provided
Protein 2.5g 12.3g
Not provided
Total Fat 1.9g 9.7g
Not provided
Saturated Fat 1.3g 6.3g
Not provided
Carbohydrate 11.9g 59.5g
Not provided
Sugars 8.8g 43.6g
Not provided
Dietary Fibre Total 0.8g 4.1g
Not provided
Sodium 28mg 140mg
Not provided
Lactose 2.5g 12.3g
Not provided
Vitamin B2 0.32mg 1.59mg
Not provided
Vitamin B3 2.5mg 12.5mg
Not provided
Vitamin B12 0.4ug 2ug
Not provided
Vitamin C 9mg 44mg
Not provided
Vitamin D 2.7ug 13.5ug
Not provided
Calcium 170mg 830mg
Not provided
Iron 3.6mg 18mg
Not provided
Vitamin B6 0.4mg 2mg
Not provided
*Percentage Daily Intake per serving. Percentage Daily Intakes are based on an average adult diet of 8700 kJ. Your daily intakes may be higher or lower depending on your energy needs.
Disclaimer:
Product details, including nutritional information and country of origin, may change from time to time and so the product you receive in your order may not reflect the information on this page. Please check the packaging on any product you purchase and if it's not what you expected, feel free to return it for a full refund.
Details
Ingredients:
Ingredients: Extract of Malt Barley Or Malt Barley and Rice (Total Extract 38%), Milk Solids, Sugar, Cocoa#, Choc Malt Blend, Minerals (Calcium, Iron), Maltodextrin (Corn), Vitamins (C, B3, B6, B2, D, B12), Emulsifier ( Soy Lecithin) #Rainforesest Alliance Certified Tm Contains Gluten, Milk and Soy.
Allergen:
Contains Soybean, Contains Barley, Contains Gluten, Contains Milk
Servings Per Pack:
35.0
Storage Instructions:
Store in A Cool Dry Place. Replace Lid Securely After Use. Use A Dry Spoon. After Opening, We Recommend This Product Be Consumed Within 8 Weeks
Dimensions:
133 x 130 x 130mm
Size:
700g
Preparation Instructions:
Portion Control Make Your Perfect Cup of Milo Great To Enjoy Hot Or Cold Glass With Milk and Spoonx3 3 Heaped Teaspoons of Milo + 200ml Cold Or Hot (Not Boiling Skim Milk = Glass of Milo Now Brown With Words Stir & Enjoy
Code: 3672264P
3 6 7 2 2 6 4 P
Customers also purchased
Nestle Milo Chocolate Malt Powder Drink 200g
Nestle Milo Chocolate Malt Powder Drink
200g
$4.50
200g $2.25 per 100G
Unit Price
Add
1
for $4.50

Nestle Milo Chocolate Malt Powder Drink 460g on special
Nestle Milo Chocolate Malt Powder Drink
460g on special
$6.00
save
$2.80
460g $1.30 per 100G
Unit Price
Add
1
for $6.00

Nestle Milo Chocolate Malt Powder Drink 1kg
Nestle Milo Chocolate Malt Powder Drink
1kg
$14.50
1kg $1.45 per 100G
Unit Price
Add
1
for $14.50"	['/wcsstore/Coles-CAS/images/3/6/7/3672264-th.jpg', '/wcsstore/Coles-CAS/images/3/6/7/3672264_L-th.jpg', '/wcsstore/Coles-CAS/images/3/6/7/3672264_R-th.jpg', '/wcsstore/Coles-CAS/images/3/6/7/3672264_B-th.jpg']
Nestle	Milo Chocolate Malt Powder Drink	$ 14 .50	1kg	$1.45 per 100G	"Nutrition Facts
Serving size: 1 serving = 20 g
Qty
Quantity
per serving Qty
Quantity
per 100g / 100ml %
Percentage
daily intake*
Energy 320 kJ 1610 kJ
Not provided
Protein 2.5 g 12.3 g
Not provided
Total Fat 1.9 g 9.7 g
Not provided
Saturated Fat 1.3 g 6.3 g
Not provided
Carbohydrate 11.9 g 59.5 g
Not provided
Sugars 8.8 g 43.6 g
Not provided
Dietary Fibre Total 0.8 g 4.1 g
Not provided
Sodium 28 mg 140 mg
Not provided
Vitamin B2 0.32 mg 1.59 mg
Not provided
Vitamin B3 2.5 mg 12.5 mg
Not provided
Vitamin C 9 mg 44 mg
Not provided
Vitamin D 2.7 ug 13.5 ug
Not provided
Calcium 170 mg 830 mg
Not provided
Iron 3.6 mg 18 mg
Not provided
Vitamin B6 0.4 mg 2 mg
Not provided
*Percentage Daily Intake per serving. Percentage Daily Intakes are based on an average adult diet of 8700 kJ. Your daily intakes may be higher or lower depending on your energy needs.
Disclaimer:
Product details, including nutritional information and country of origin, may change from time to time and so the product you receive in your order may not reflect the information on this page. Please check the packaging on any product you purchase and if it's not what you expected, feel free to return it for a full refund.
Details
Ingredients:
Extract of Malt Barley Or Malt Barley and Rice (Total Extract 38%), Milk Solids, Sugar, Cocoa#, Choc Malt Blend, Minerals (Calcium, Iron), Maltodextrin (Corn), Vitamins (C, B3, B6, B2, D, B12), Emulsifier ( Soy Lecithin) #Rainforest Alliance Certified Contains Gluten, Milk and Soy. for Allergens See Ingredients in Bold
Allergen:
Contains Soybean, Contains Barley, Contains Gluten, Contains Milk
Servings Per Pack:
50.0
Storage Instructions:
Store in A Cool Dry Place. Replace Lid Securely After Use. Use A Dry Spoon. After Opening, We Recommend This Product Be Consumed Within 8 Weeks.
Size:
1 kg
Preparation Instructions:
Make Your Perfect Cup Great To Enjoy Hot Or Cold Glass With Milk (200ml) and Teaspoon X3 Depicted 3 Heaped Teaspoons of Milo + 200ml Cold Or Hot (Not Boiling) Skim Milk = Stir & Enjoy With Glass Epicting Brown Liquid
Code: 3854396P
3 8 5 4 3 9 6 P"	['/wcsstore/Coles-CAS/images/3/8/5/3854396-th.jpg', '/wcsstore/Coles-CAS/images/3/8/5/3854396_L-th.jpg', '/wcsstore/Coles-CAS/images/3/8/5/3854396_R-th.jpg', '/wcsstore/Coles-CAS/images/3/8/5/3854396_B-th.jpg']
Nestle	Milo Chocolate Malt Powder Drink	$ 4 .50	200g	$2.25 per 100G	"Nutrition Facts
Serving size: 1 serving = 20 g
Qty
Quantity
per serving Qty
Quantity
per 100g / 100ml %
Percentage
daily intake*
Energy 320 kJ 1610 kJ
Not provided
Protein 2.5 g 12.3 g
Not provided
Total Fat 1.9 g 9.7 g
Not provided
Saturated Fat 1.3 g 6.3 g
Not provided
Carbohydrate 11.9 g 59.5 g
Not provided
Sugars 8.8 g 43.6 g
Not provided
Dietary Fibre Total 0.8 g 4.1 g
Not provided
Sodium 28 mg 140 mg
Not provided
Vitamin B2 0.32 mg 1.59 mg
Not provided
Vitamin B3 2.5 mg 12.5 mg
Not provided
Vitamin C 9 mg 44 mg
Not provided
Vitamin D 2.7 ug 13.5 ug
Not provided
Calcium 170 mg 830 mg
Not provided
Iron 3.6 mg 18 mg
Not provided
Vitamin B6 0.4 mg 2 mg
Not provided
*Percentage Daily Intake per serving. Percentage Daily Intakes are based on an average adult diet of 8700 kJ. Your daily intakes may be higher or lower depending on your energy needs.
Disclaimer:
Product details, including nutritional information and country of origin, may change from time to time and so the product you receive in your order may not reflect the information on this page. Please check the packaging on any product you purchase and if it's not what you expected, feel free to return it for a full refund.
Details
Ingredients:
Ingredients: Extract of Malt Barley Or Malt Barley and Rice (Total Extract 38%), Milk Solids, Sugar, Cocoa, Choc Malt Blend, Minerals (Calcium, Iron), Maltodextrin (Corn), Vitamins (C, B3, B6, B2, D, B12), Emulsifier ( Soy Lecithin) Contains Gluten, Milk and Soy
Allergen:
Contains Soybean, Contains Barley, Contains Gluten, Contains Milk
Servings Per Pack:
10.0
Storage Instructions:
Store in A Cool Dry Place. Replace Lid Securely After Use. Use A Dry Spoon. After Opening, We Recommend This Product Be Consumed Within 8 Weeks
Size:
200 g
Preparation Instructions:
Make Your Perfect Cup of Milo! Great To Enjoy Hot Or Cold 3 Heaped Teaspoons of Milo + 200ml Cold Or Hot (Not Boiling) Skim Milk = Stir & Enjoy
Code: 6414618P
6 4 1 4 6 1 8 P
Customers also purchased
Nestle Milo 30% Less Added Sugar Chocolate Malt Powder Drink 395g on special
Nestle Milo 30% Less Added Sugar Chocolate Malt Powder Drink
395g on special
$6.00
save
$2.80
395g $1.52 per 100G
Unit Price
Add
1
for $6.00

Nestle Milo Chocolate Malt Powder Drink 460g on special
Nestle Milo Chocolate Malt Powder Drink
460g on special
$6.00
save
$2.80
460g $1.30 per 100G
Unit Price
Add
1
for $6.00

Nestle Milo Chocolate Malt Powder Drink 700g
Nestle Milo Chocolate Malt Powder Drink
700g
$11.50
700g $1.64 per 100G
Unit Price
Add
1
for $11.50"	['/wcsstore/Coles-CAS/images/6/4/1/6414618-th.jpg', '/wcsstore/Coles-CAS/images/6/4/1/6414618_L-th.jpg', '/wcsstore/Coles-CAS/images/6/4/1/6414618_R-th.jpg', '/wcsstore/Coles-CAS/images/6/4/1/6414618_B-th.jpg']
Nestle	Milo 30% Less Added Sugar Chocolate Malt Powder Drink	$ 6 .00	395g	$1.52 per 100G	"Nutrition Facts
Serving size: 1 serving = 20 g
Qty
Quantity
per serving Qty
Quantity
per 100g / 100ml %
Percentage
daily intake*
Energy 290 kJ 1530 kJ
Not provided
Energy Cal
Not provided
350Cal
Not provided
Protein 2.4 g 11.9 g
Not provided
Total Fat
Not provided
9.6 g
Not provided
Saturated Fat 1.3 g 6.3 g
Not provided
Carbohydrate 9.2 g 45.9 g
Not provided
Sugars 6.3 g 31.6 g
Not provided
Dietary Fibre Total 3.1 g 15.5 g
Not provided
Sodium 27 mg 135 mg
Not provided
Lactose
Not provided
12.7g
Not provided
Vitamin B2 0.32 mg 1.59 mg
Not provided
Vitamin B3 2.5 mg 12.5 mg
Not provided
Vitamin B12
Not provided
2.0ug
Not provided
Vitamin C 9 mg 44 mg
Not provided
Vitamin D 2.7 ug 13.5 ug
Not provided
Calcium 170 mg 850 mg
Not provided
Iron 3.6 mg 18 mg
Not provided
Vitamin B6 0.4 mg 2 mg
Not provided
*Percentage Daily Intake per serving. Percentage Daily Intakes are based on an average adult diet of 8700 kJ. Your daily intakes may be higher or lower depending on your energy needs.
Disclaimer:
Product details, including nutritional information and country of origin, may change from time to time and so the product you receive in your order may not reflect the information on this page. Please check the packaging on any product you purchase and if it's not what you expected, feel free to return it for a full refund.
Details
Ingredients:
Ingredients: Extract of Malt Barley (33%), Milk Solids, Soluble Corn Fibre, Cocoa#, Choc Malt Blend ( Soy & Oat ), Minerals (Calcium, Iron), Maltodextrin (Corn), Emulsifier, Vitamins (C, B3, B6, B2, D, B12), Sweetener [Steviol Glycosides (Stevia)] #Rainforest Alliance Certified Contains: Gluten, Milk and Soy for Allergens See Ingredients in Bold
Contains:
Gluten, Milk and Soy.
Allergen:
Contains Barley, Contains Gluten, Contains Milk, Contains Oats
Servings Per Pack:
19.0
Storage Instructions:
Store in A Cool Dry Place. Replace Lid Securely After Each Use. Use A Dry Spoon. After Opening, We Recommend This Product Be Consumed Within 8 Weeks.
Size:
395 g
Warning:
Shelf Life (unopened): 18 Good to Know A glass of MILO 30% LESS ADDED SUGAR & milk is high in calcium like original MILO & milk. Calcium is important for building strong bones and teeth in children^. ^When MILO and milk is consumed as part of a healthy diet containing a variety of foods. MILO 30% LESS ADDED SUGAR # #Compared to standard MILO when prepared according to directions with skim milk Glycemic Index 42 (Low) made with skim milk
Preparation Instructions:
Make Your Perfect Cup of Milo Great To Enjoy Hot Or Cold Glass With Milk and Spoonx3 3 Heaped Teaspoons of Milo + 200ml Cold Or Hot (Not Boiling Skim Milk = Glass of Milo Now Brown With Words Stir & Enjoy
Code: 3520277P
3 5 2 0 2 7 7 P
Customers also purchased
Nestle Milo Chocolate Malt Powder Drink 200g
Nestle Milo Chocolate Malt Powder Drink
200g
$4.50
200g $2.25 per 100G
Unit Price
Add
1
for $4.50

Nestle Milo Chocolate Malt Powder Drink 1kg
Nestle Milo Chocolate Malt Powder Drink
1kg
$14.50
1kg $1.45 per 100G
Unit Price
Add
1
for $14.50"	['/wcsstore/Coles-CAS/images/3/5/2/3520277-th.jpg', '/wcsstore/Coles-CAS/images/3/5/2/3520277_L-th.jpg', '/wcsstore/Coles-CAS/images/3/5/2/3520277_R-th.jpg', '/wcsstore/Coles-CAS/images/3/5/2/3520277_B-th.jpg']
Nestle	Nesquik Strawberry Flavoured Milk Drink	$ 3 .00	250g	$1.20 per 100G	"Nutrition Facts
Serving size: 1 serving = 11 g
Qty
Quantity
per serving Qty
Quantity
per 100g / 100ml %
Percentage
daily intake*
Energy 190 kJ 1690 kJ
Not provided
Protein 0 g 0 g
Not provided
Total Fat
Not provided
1 g
Not provided
Saturated Fat 0 g 0 g
Not provided
Carbohydrate 10.9 g 99.4 g
Not provided
Sugars 10.5 g 95 g
Not provided
Sodium 1 mg 1 mg
Not provided
*Percentage Daily Intake per serving. Percentage Daily Intakes are based on an average adult diet of 8700 kJ. Your daily intakes may be higher or lower depending on your energy needs.
Disclaimer:
Product details, including nutritional information and country of origin, may change from time to time and so the product you receive in your order may not reflect the information on this page. Please check the packaging on any product you purchase and if it's not what you expected, feel free to return it for a full refund.
Details
Ingredients:
Cane Sugar, Maltodextrin (Maize) , Flavour, Colour (120). May Contain Milk .
Allergen:
May Be Present Milk
Servings Per Pack:
22.0
Storage Instructions:
Store in A Cool Dry Place. Use A Dry Spoon. After Opening We Recommend This Product Be Consumed Within 8 Weeks
Size:
250 g
Preparation Instructions:
Glass of Hot Or Cold Reduced Fat Milk 200ml Milk With Teaspoon of Stb Nq Above 2xheaped Teaspooons of Nesquik Stir & Enjoy Now Your Portions
Code: 116129P
1 1 6 1 2 9 P"	['/wcsstore/Coles-CAS/images/1/1/6/116129-th.jpg', '/wcsstore/Coles-CAS/images/1/1/6/116129_L-th.jpg', '/wcsstore/Coles-CAS/images/1/1/6/116129_R-th.jpg', '/wcsstore/Coles-CAS/images/1/1/6/116129_B-th.jpg']
Nestle	Nesquik Cereal	$ 8 .80	650g	$1.35 per 100G	"Nutrition Facts
Serving size: 1 serving = 30 g
Qty
Quantity
per serving Qty
Quantity
per 100g / 100ml %
Percentage
daily intake*
Energy 480 kJ 1610 kJ 6%
Protein 2.3 g 7.8 g 5%
Total Fat 1.1g 3.8 g 2%
Saturated Fat 0.3 g 0.9 g 1%
Carbohydrate 22.3 g 74.4 g 7%
Sugars 9 g 29.9 g 10%
Dietary Fibre Total 2.5 g 8.2 g 8%
Sodium 74 mg 245 mg 3%
Folic Acid 60 ug 200 ug 30%
Vitamin B1 0.54 mg 1.8 mg 49%
Vitamin B2 0.42 mg 1.4 mg 25%
Vitamin B3 2.5 mg 8.5 mg 25%
Vitamin C 10 mg 33.3 mg 25%
Calcium 156 mg 520 mg 20%
Iron 3 mg 10 mg 25%
Zinc 1.8 mg 6 mg 15%
Vitamin B6 0.4 mg 1.3 mg 24%
*Percentage Daily Intake per serving. Percentage Daily Intakes are based on an average adult diet of 8700 kJ. Your daily intakes may be higher or lower depending on your energy needs.
Disclaimer:
Product details, including nutritional information and country of origin, may change from time to time and so the product you receive in your order may not reflect the information on this page. Please check the packaging on any product you purchase and if it's not what you expected, feel free to return it for a full refund.
Details
Country of Origin:
Made in France
Ingredients:
Contains Gluten Containing Ingredients Wholegrain Cereals (55%) (Wheat , Corn, Oats ), Sugar, Wheat Flour, Cocoa, Dextrose, Sunflower Oil, Salt, Flavour, Acidity Regulator (Trisodium Phosphate). Vitamins and Minerals: Minerals (Calcium, Iron and Zinc), Vitamins (C, Niacin, Thiamin (B1), Riboflavin (B2), B6, Folic Acid) May Contain Other Gluten Containing Ingredients, Milk and Soy.
Allergen:
May Be Present Barley, May Be Present Soybean, May Be Present Milk, Contains Gluten, Contains Wheat, Contains Oats
Servings Per Pack:
21.0
Storage Instructions:
Store in A Cool Dry Place
Size:
650 g
Code: 4944891P
4 9 4 4 8 9 1 P"	['/wcsstore/Coles-CAS/images/4/9/4/4944891-th.jpg', '/wcsstore/Coles-CAS/images/4/9/4/4944891_L-th.jpg', '/wcsstore/Coles-CAS/images/4/9/4/4944891_R-th.jpg', '/wcsstore/Coles-CAS/images/4/9/4/4944891_B-th.jpg']
Nestle	Malted Milk Powder Drink	$ 10 .00	500g	$2.00 per 100G	"Nutrition Facts
Serving size: 1 serving = 20g
Qty
Quantity
per serving Qty
Quantity
per 100g / 100ml %
Percentage
daily intake*
Energy 360kJ 1800kJ
Not provided
Protein 2.3g 11.4g
Not provided
Total Fat 1.9g 9.4g
Not provided
Saturated Fat 0.9g 4.4g
Not provided
Carbohydrate 14.8g 74.1g
Not provided
Sugars 8.5g 42.7g
Not provided
Sodium 55mg 275mg
Not provided
Vitamin A 130ug 655ug
Not provided
Vitamin B1 0.3mg 1.9mg
Not provided
Vitamin B2 0.7mg 3.6mg
Not provided
Vitamin D 1.0g 5.0g
Not provided
Calcium 140mg 700mg
Not provided
*Percentage Daily Intake per serving. Percentage Daily Intakes are based on an average adult diet of 8700 kJ. Your daily intakes may be higher or lower depending on your energy needs.
Disclaimer:
Product details, including nutritional information and country of origin, may change from time to time and so the product you receive in your order may not reflect the information on this page. Please check the packaging on any product you purchase and if it's not what you expected, feel free to return it for a full refund.
Details
Ingredients:
Extract of Malted Barley (29%) and Rice Or Barley , Milk Solids, Vegetable Oil, Emulsifier ( Soy Lecithin), Mineral (Calcium) Salt, Mineral Salt (500), Vitamins (A, B2, B1, D) Contains Gluten, Milk and Soy
Allergen:
Contains Soybean, Contains Barley, Contains Milk
Servings Per Pack:
25.0
Storage Instructions:
Store in A Cool Dry Place and Replace Lid Securely After Use. Use Dry Spoon. After Opening We Recommend This Product Be Consumed Within 8 Weeks
Dimensions:
136 x 102 x 102mm
Size:
500g
Preparation Instructions:
Preparation: Just Add 3 Heaped Teaspoons of Nestle Malted Milk Powder To Cold Or Hot (Not Boiling) Skim Milk and Stir.
Code: 8221794P
8 2 2 1 7 9 4 P"	['/wcsstore/Coles-CAS/images/8/2/2/8221794-th.jpg', '/wcsstore/Coles-CAS/images/8/2/2/8221794_B-th.jpg']
Starbucks	Signature Hot Chocolate 42% Cocoa	$ 8 .60	330g	$2.61 per 100G	"Nutrition Facts
Serving size: 1 serving = 22 g
Qty
Quantity
per serving Qty
Quantity
per 100g / 100ml %
Percentage
daily intake*
Energy 360 kJ 1640 kJ
Not provided
Protein 1.9 g 8.6 g
Not provided
Total Fat
Not provided
8.9 g
Not provided
Saturated Fat 1 g 4.6 g
Not provided
Carbohydrate 13.7 g 62.3 g
Not provided
Sugars 12.6 g 57.2 g
Not provided
Dietary Fibre Total 2.7 g 12.4 g
Not provided
Sodium 15 mg 66 mg
Not provided
*Percentage Daily Intake per serving. Percentage Daily Intakes are based on an average adult diet of 8700 kJ. Your daily intakes may be higher or lower depending on your energy needs.
Disclaimer:
Product details, including nutritional information and country of origin, may change from time to time and so the product you receive in your order may not reflect the information on this page. Please check the packaging on any product you purchase and if it's not what you expected, feel free to return it for a full refund.
Details
Country of Origin:
Made in Spain
Ingredients:
Ingredients : Chocolate Powder 88% (Sugar, Cocoa Powder 1 32%), Fat Reduced Cocoa Powder 1 (10%), Emulsifier ( Soy Lecithin), Flavour.. Contains Soy.
Allergen:
Contains Soybean
Servings Per Pack:
15.0
Storage Instructions:
Store in A Cool, Dry Place
Size:
330 g
Preparation Instructions:
200ml Reduced Fat Milk
5 X Teaspoons (22g)
Stir & Enjoy
Code: 5038645P
5 0 3 8 6 4 5 P
Customers also purchased
Jarrah Classic Hot Chocolate 10 pack on special
Jarrah Classic Hot Chocolate
10 pack on special
$3.50
save
$3.50
10 pack $0.35 per 1Ea
Unit Price
Add
1
for $3.50

Akta Vite Chocolate Drink 375g
Akta Vite Chocolate Drink
375g
$5.95
375g $1.59 per 100G
Unit Price
Add
1
for $5.95"	['/wcsstore/Coles-CAS/images/5/0/3/5038645-th.jpg', '/wcsstore/Coles-CAS/images/5/0/3/5038645_L-th.jpg', '/wcsstore/Coles-CAS/images/5/0/3/5038645_R-th.jpg', '/wcsstore/Coles-CAS/images/5/0/3/5038645_B-th.jpg']
Sanitarium	Up&Go Liquid Breakfast Chocolate Ice 3X250mL	$ 5 .60	750mL	$7.47 per 1L	"Nutrition Facts
Serving size: 1 serving = 250mL
Qty
Quantity
per serving Qty
Quantity
per 100g / 100ml %
Percentage
daily intake*
Energy 815kJ 326kJ
Not provided
Energy Cal 195Cal 78Cal
Not provided
Protein 8.2g 3.3g
Not provided
Total Fat 4.2g 1.7g
Not provided
Saturated Fat 0.6g 0.2g
Not provided
Carbohydrate 28.7g 11.5g
Not provided
Sugars 15.8g 6.3g
Not provided
Dietary Fibre Total 4.0g 1.6g
Not provided
Sodium 168mg 67mg
Not provided
Potassium 486mg 194mg
Not provided
Vitamin A 128ug (17%)* 51ug
Not provided
Vitamin B1 0.28mg (25%)* 0.11mg
Not provided
Vitamin B2 0.43mg (25%)* 0.17mg
Not provided
Vitamin B3 2.5mg (25%)* 1.0mg
Not provided
Vitamin B12 0.5ug (25%)* 0.2ug
Not provided
Vitamin C 10mg (25%)* 4mg
Not provided
Calcium 300mg (38%)* 120mg
Not provided
Vitamin B6 0.5mg (31%)* 0.2mg
Not provided
*Percentage Daily Intake per serving. Percentage Daily Intakes are based on an average adult diet of 8700 kJ. Your daily intakes may be higher or lower depending on your energy needs.
Disclaimer:
Product details, including nutritional information and country of origin, may change from time to time and so the product you receive in your order may not reflect the information on this page. Please check the packaging on any product you purchase and if it's not what you expected, feel free to return it for a full refund.
Details
Ingredients:
Filtered Water, Skim Milk Powder Maltodextrin (Wheat, Corn) Cane Sugar, Vegetable Fibre, Soy Protein, Vegetable Oils (Sunflower, Canola), Fructose, Oat Flour, Flavour, Acidity Regulator (332), Mineral (Calcium), Vegetable Gums (460, 466, 407), Stabiliser (452), Vitamins (C, Niacin, Al B12, B6, B2, B1, Folate), Salt.
Contains:
Milk, soy and cereals containing gluten.
Allergen:
Contains Soy, Contains Wheat, Contains Milk, Contains Oats, Contains Cereals Containing Gluten
Dietary:
High in Fibre, Low GI
Servings Per Pack:
1.0
Usage Instructions:
Great chilled! Shake me!
Size:
3 x 250mL
Code: 7144632P
7 1 4 4 6 3 2 P
Customers also purchased
Sanitarium Up And Go Banana Cereal 3x250mL 750mL
Sanitarium Up And Go Banana Cereal 3x250mL
750mL
$5.60
750mL $7.47 per 1L
Unit Price
Add
1
for $5.60

Sanitarium Up And Go Strawberry Cereal 3x250mL 750mL
Sanitarium Up And Go Strawberry Cereal 3x250mL
750mL
$5.60
750mL $7.47 per 1L
Unit Price
Add
1
for $5.60

Sanitarium Up&Go Energize Chocolate Ice 3X250mL 750mL
Sanitarium Up&Go Energize Chocolate Ice 3X250mL
750mL
$5.60
750mL $7.47 per 1L
Unit Price
Add
1
for $5.60

Sanitarium Up And Go Vanilla Ice Cereal 3x250mL 750mL
Sanitarium Up And Go Vanilla Ice Cereal 3x250mL
750mL
$5.60
750mL $7.47 per 1L
Unit Price
Add
1
for $5.60"	['/wcsstore/Coles-CAS/images/7/1/4/7144632-th.jpg', '/wcsstore/Coles-CAS/images/7/1/4/7144632_L-th.jpg', '/wcsstore/Coles-CAS/images/7/1/4/7144632_R-th.jpg', '/wcsstore/Coles-CAS/images/7/1/4/7144632_B-th.jpg']
Sanitarium	Weet Bix Breakfast Cereal	$ 4 .20	575g	$0.73 per 100G	"Nutrition Facts
Serving size: 1 serving = 31g
Qty
Quantity
per serving Qty
Quantity
per 100g / 100ml %
Percentage
daily intake*
Energy 459kJ 1480kJ
Not provided
Energy Cal 110Cal 355Cal
Not provided
Protein 3.8g 12.4g
Not provided
Total Fat 0.4g 1.3g
Not provided
Saturated Fat 0.1g 0.3g
Not provided
Trans 0.0g 0.0g
Not provided
Polyunsaturated 0.2g 0.8g
Not provided
Mono Unsaturated 0.1g 0.2g
Not provided
Carbohydrate 20.4g 65.9g
Not provided
Sugars 0.9g 3.0g
Not provided
Dietary Fibre Total 4.0g 12.9g
Not provided
Sodium 84mg 270mg
Not provided
Potassium 113mg 365mg
Not provided
Vitamin B1 0.55mg 1.77mg
Not provided
Vitamin B2 0.43mg 1.39mg
Not provided
Vitamin B3 2.5mg 8.1mg
Not provided
Iron 3.0mg 9.7mg
Not provided
Magnesium 32mg 103mg
Not provided
*Percentage Daily Intake per serving. Percentage Daily Intakes are based on an average adult diet of 8700 kJ. Your daily intakes may be higher or lower depending on your energy needs.
Disclaimer:
Product details, including nutritional information and country of origin, may change from time to time and so the product you receive in your order may not reflect the information on this page. Please check the packaging on any product you purchase and if it's not what you expected, feel free to return it for a full refund.
Details
Ingredients:
Wholegrain wheat (97%), raw sugar, salt, barley malt extract, vitamins (niacin, thiamin, riboflavin, folate), mineral (iron).
Contains:
Gluten (Barley), Wheat.
Allergen:
Contains Gluten, Contains Wheat, May Be Present Lupin
Dietary:
High in Fibre, Low in Sugar
Servings Per Pack:
18.0
Storage Instructions:
Store in a cool, dry place.
Usage Instructions:
To open slip, thumb under tab.
Size:
575g
Code: 2001784P
2 0 0 1 7 8 4 P
Customers also purchased
Nestle Whole Grain Energy & Fibre Milo Cereal 350g on special
Nestle Whole Grain Energy & Fibre Milo Cereal
350g on special
$5.00
save
$1.50
350g $1.43 per 100G
Unit Price
3more sizes and varieties
of Nestle Whole Grain Energy & Fibre Milo Cereal 350g on special
Add
1
for $5.00

Kellogg's Gluten Free Corn Flakes Breakfast Cereal 270g
Kellogg's Gluten Free Corn Flakes Breakfast Cereal
270g
$4.50
Until 23 May 2023
Was $5.00 Jan 2023
270g $1.67 per 100G
Unit Price
1more variety
of Kellogg's Gluten Free Corn Flakes Breakfast Cereal 270g
Add
1
for $4.50

Kellogg's Corn Flakes Breakfast Cereal 380g everyday product
Kellogg's Corn Flakes Breakfast Cereal
380g everyday product
$4.75
380g $1.25 per 100G
Unit Price
Add
1
for $4.75

Uncle Tobys Plus Fibre Breakfast Cereal 430g on special
Uncle Tobys Plus Fibre Breakfast Cereal
430g on special
$5.00
save
$1.50
430g $1.16 per 100G
Unit Price
Add
1
for $5.00"	['/wcsstore/Coles-CAS/images/2/0/0/2001784-th.jpg', '/wcsstore/Coles-CAS/images/2/0/0/2001784_L-th.jpg', '/wcsstore/Coles-CAS/images/2/0/0/2001784_R-th.jpg', '/wcsstore/Coles-CAS/images/2/0/0/2001784_B-th.jpg']
Sanitarium	Up&Go Liquid Breakfast Chocolate Ice Fridge Pack 12X250mL	$ 15 .80	3L	$5.27 per 1L	"Nutrition Facts
Serving size: 1 serving = 250mL
Qty
Quantity
per serving Qty
Quantity
per 100g / 100ml %
Percentage
daily intake*
Energy 815kJ 326kJ
Not provided
Energy Cal 195Cal 78Cal
Not provided
Protein 8.2g 3.3g
Not provided
Total Fat 4.2g 1.7g
Not provided
Saturated Fat 0.6g 0.2g
Not provided
Carbohydrate 28.7g 11.5g
Not provided
Sugars 15.8g 6.3g
Not provided
Dietary Fibre Total 4.0g 1.6g
Not provided
Sodium 168mg 67mg
Not provided
Potassium 486mg 194mg
Not provided
Calcium 300mg (38%*) 120mg
Not provided
*Percentage Daily Intake per serving. Percentage Daily Intakes are based on an average adult diet of 8700 kJ. Your daily intakes may be higher or lower depending on your energy needs.
Disclaimer:
Product details, including nutritional information and country of origin, may change from time to time and so the product you receive in your order may not reflect the information on this page. Please check the packaging on any product you purchase and if it's not what you expected, feel free to return it for a full refund.
Details
Ingredients:
Filtered Water, Skim Milk Powder Maltodextrin (Wheat, Corn) Cane Sugar, Vegetable Fibre, Soy Protein, Vegetable Oils (Sunflower, Canola), Fructose, Oat Flour, Flavour, Acidity Regulator (332), Mineral (Calcium), Vegetable Gums (460, 466, 407), Stabiliser (452), Vitamins (C, Niacin, Al B12, B6, B2, B1, Folate), Salt.
Contains:
Milk, soy and cereals containing gluten.
Allergen:
Contains Soy, Contains Wheat, Contains Milk, Contains Oats, Contains Cereals Containing Gluten
Dietary:
High in Fibre, Low GI
Servings Per Pack:
12.0
Storage Instructions:
For convenience place entire box into your refrigerator.
Size:
12 x 250mL
Code: 8951356P
8 9 5 1 3 5 6 P
Customers also purchased
Sanitarium Up&Go Liquid Breakfast Vanilla Ice Fridge Pack 12X250mL 3L
Sanitarium Up&Go Liquid Breakfast Vanilla Ice Fridge Pack 12X250mL
3L
$15.80
Until 02 May 2023
3L $5.27 per 1L
Unit Price
Add
1
for $15.80

Sanitarium Up&Go Liquid Breakfast Banana Fridge Pack 12X250mL 3L
Sanitarium Up&Go Liquid Breakfast Banana Fridge Pack 12X250mL
3L
$15.80
Until 02 May 2023
3L $5.27 per 1L
Unit Price
Add
1
for $15.80

Sanitarium Up&Go Liquid Breakfast Strawberry Fridge Pack 12X250mL 3L
Sanitarium Up&Go Liquid Breakfast Strawberry Fridge Pack 12X250mL
3L
$15.80
Until 02 May 2023
3L $5.27 per 1L
Unit Price
Add
1
for $15.80

Sanitarium Up&Go Liquid Breakfast Caramel Fridge Pack 12X250mL 3L
Sanitarium Up&Go Liquid Breakfast Caramel Fridge Pack 12X250mL
3L
$15.80
Until 02 May 2023
3L $5.27 per 1L
Unit Price
Add
1
for $15.80"	['/wcsstore/Coles-CAS/images/8/9/5/8951356-th.jpg', '/wcsstore/Coles-CAS/images/8/9/5/8951356_L-th.jpg', '/wcsstore/Coles-CAS/images/8/9/5/8951356_R-th.jpg', '/wcsstore/Coles-CAS/images/8/9/5/8951356_B-th.jpg']
Sanitarium	Up&Go Choc Ice Cereal 6X250mL	$ 10 .50	1.5L	$7.00 per 1L	"Nutrition Facts
Serving size: 1 serving = 250mL
Qty
Quantity
per serving Qty
Quantity
per 100g / 100ml %
Percentage
daily intake*
Energy 815kJ 326kJ
Not provided
Energy Cal 195Cal 78Cal
Not provided
Protein 8.2g 3.3g
Not provided
Total Fat 4.2g 1.7g
Not provided
Saturated Fat 0.6g 0.2g
Not provided
Carbohydrate 28.7g 11.5g
Not provided
Sugars 15.8g 6.3g
Not provided
Dietary Fibre Total 4.0g 1.6g
Not provided
Sodium 168mg 67mg
Not provided
Potassium 486mg 194mg
Not provided
Folic Acid
Not provided
20ug
Not provided
Vitamin A
Not provided
51ug
Not provided
Vitamin B1
Not provided
0.11mg
Not provided
Vitamin B2
Not provided
0.17mg
Not provided
Vitamin B3
Not provided
1.0mg
Not provided
Vitamin B12
Not provided
0.2ug
Not provided
Vitamin C
Not provided
4mg
Not provided
Calcium
Not provided
120mg
Not provided
Vitamin B6
Not provided
0.2mg
Not provided
*Percentage Daily Intake per serving. Percentage Daily Intakes are based on an average adult diet of 8700 kJ. Your daily intakes may be higher or lower depending on your energy needs.
Disclaimer:
Product details, including nutritional information and country of origin, may change from time to time and so the product you receive in your order may not reflect the information on this page. Please check the packaging on any product you purchase and if it's not what you expected, feel free to return it for a full refund.
Details
Ingredients:
Filtered Water, Skim Milk Powder, Maltodextrin (Wheat, Corn), Cane Sugar, Vegetable Fibre, Soy Protein, Vegetable Oils (Sunflower, Canola), Fructose, Cocoa (0.5%), Oat Flour, Mineral (Calcium), Acidity Regulator (332), Flavour, Vegetable Gums (460, 466, 407), Stabiliser (452), Salt, Vitamins (C, Niacin, A, B12, B6, B2, B1, Folate).
Contains:
Milk, Soy and Cereals containing Gluten.
Allergen:
Contains Gluten, Contains Soy, Contains Milk, Contains Cereals
Dietary:
High in Fibre, Low GI
Servings Per Pack:
1.0
Size:
6x250mL
Warning:
Formulated Supplementary Food. UP&GO is intended to supplement a diet which may be low in energy or vitamins and minerals. Not suitable as a complete milk food for children under 2 years.
Code: 9490791P
9 4 9 0 7 9 1 P"	['/wcsstore/Coles-CAS/images/9/4/9/9490791-th.jpg', '/wcsstore/Coles-CAS/images/9/4/9/9490791_L-th.jpg', '/wcsstore/Coles-CAS/images/9/4/9/9490791_R-th.jpg', '/wcsstore/Coles-CAS/images/9/4/9/9490791_B-th.jpg']
Sanitarium	Up&Go Liquid Breakfast Protein Energize Choc Fridge Pack 12X250mL	$ 15 .80	3L	$5.27 per 1L	"Nutrition Facts
Serving size: 1 serving = 250mL
Qty
Quantity
per serving Qty
Quantity
per 100g / 100ml %
Percentage
daily intake*
Energy 855kJ 342kJ
Not provided
Energy Cal 205Cal 82Cal
Not provided
Protein 17.9g 7.2g
Not provided
Total Fat 4.2g 1.7g
Not provided
Saturated Fat 0.7g 0.3g
Not provided
Carbohydrate 21.8g 8.7g
Not provided
Sugars 16.6g 6.6g
Not provided
Dietary Fibre Total 2.7g 1.1g
Not provided
Sodium 225mg 90mg
Not provided
Potassium 600mg 240mg
Not provided
Vitamin A 128ug (17%*) 51ug
Not provided
Vitamin B1 0.28mg (25%*) 0.11mg
Not provided
Vitamin B2 0.43mg (25%*) 0.17mg
Not provided
Vitamin B3 2.5mg (25%*) 1.0mg
Not provided
Vitamin B12 0.5ug (25%*) 0.2ug
Not provided
Vitamin C 10mg (25%*) 4mg
Not provided
Calcium 300mg (38%*) 120mg
Not provided
Vitamin B6 0.5ug (25%*) 0.2mg
Not provided
*Percentage Daily Intake per serving. Percentage Daily Intakes are based on an average adult diet of 8700 kJ. Your daily intakes may be higher or lower depending on your energy needs.
Disclaimer:
Product details, including nutritional information and country of origin, may change from time to time and so the product you receive in your order may not reflect the information on this page. Please check the packaging on any product you purchase and if it's not what you expected, feel free to return it for a full refund.
Details
Ingredients:
Filtered Water, Skim Milk Powder, Soy Protein, Cane Sugar, Vegetable Oils (Sunflower, Canola), Wheat Maltodextrin, Milk Protein Concentrate, Fructose, Vegetable Fibre, Cocoa (0.5%), Acidity Regulator (332), Vegetable Gums (460 466, 407), Flavour, Mineral (Calcium), Stabiliser (452), Vitamins (C, Niacin, A, B12, B6, B2, B1, Folate), Salt.
Contains:
Milk, soy and cereals containing gluten.
Allergen:
Contains Soy, Contains Milk, Contains Cereals Containing Gluten
Dietary:
High in Fibre, Low GI
Servings Per Pack:
12.0
Usage Instructions:
For convenience place entire box into your refrigerator.
Size:
12 x 250mL
Code: 1623472P
1 6 2 3 4 7 2 P
Customers also purchased
Sanitarium Up&Go Liquid Breakfast Banana Fridge Pack 12X250mL 3L
Sanitarium Up&Go Liquid Breakfast Banana Fridge Pack 12X250mL
3L
$15.80
Until 02 May 2023
3L $5.27 per 1L
Unit Price
Add
1
for $15.80

Sanitarium Up&Go Liquid Breakfast Strawberry Fridge Pack 12X250mL 3L
Sanitarium Up&Go Liquid Breakfast Strawberry Fridge Pack 12X250mL
3L
$15.80
Until 02 May 2023
3L $5.27 per 1L
Unit Price
Add
1
for $15.80

Sanitarium Up&Go Protein Energize Liquid Breakfast Vanilla 12X250mL 3L
Sanitarium Up&Go Protein Energize Liquid Breakfast Vanilla 12X250mL
3L
$15.80
Until 02 May 2023
3L $5.27 per 1L
Unit Price
Add
1
for $15.80

Sanitarium Up&Go Liquid Breakfast Fridge Pack Dairy Free Choc 12X250mL 3L
Sanitarium Up&Go Liquid Breakfast Fridge Pack Dairy Free Choc 12X250mL
3L
$15.80
Until 02 May 2023
3L $5.27 per 1L
Unit Price
Add
1
for $15.80"	['/wcsstore/Coles-CAS/images/1/6/2/1623472-th.jpg', '/wcsstore/Coles-CAS/images/1/6/2/1623472_L-th.jpg', '/wcsstore/Coles-CAS/images/1/6/2/1623472_R-th.jpg', '/wcsstore/Coles-CAS/images/1/6/2/1623472_B-th.jpg']
Sanitarium	Up&Go Liquid Breakfast Vanilla Ice Fridge Pack 12X250mL	$ 15 .80	3L	$5.27 per 1L	"Nutrition Facts
Serving size: 1 serving = 250mL
Qty
Quantity
per serving Qty
Quantity
per 100g / 100ml %
Percentage
daily intake*
Energy 815kJ 326kJ
Not provided
Energy Cal 195Cal 78Cal
Not provided
Protein 8.3g 3.3g
Not provided
Total Fat 4.3g 1.7g
Not provided
Saturated Fat 0.6g 0.2g
Not provided
Carbohydrate 28.4g 11.3g
Not provided
Sugars 15.8g 6.3g
Not provided
Dietary Fibre Total 4.0g 1.6g
Not provided
Sodium 158mg 63mg
Not provided
Potassium 450mg 180mg
Not provided
Vitamin A 128ug (17%*) 51ug
Not provided
Vitamin B1 0.28mg (25%*) 0.11mg
Not provided
Vitamin B2 0.43mg (25%*) 0.17mg
Not provided
Vitamin B3 2.5mg (25%*) 1.0mg
Not provided
Vitamin B12 0.5ug (25%*) 0.2ug
Not provided
Vitamin C 10mg (25%*) 4mg
Not provided
Calcium 300mg (38%*) 120mg
Not provided
Vitamin B6 0.5mg (31%*) 0.2mg
Not provided
*Percentage Daily Intake per serving. Percentage Daily Intakes are based on an average adult diet of 8700 kJ. Your daily intakes may be higher or lower depending on your energy needs.
Disclaimer:
Product details, including nutritional information and country of origin, may change from time to time and so the product you receive in your order may not reflect the information on this page. Please check the packaging on any product you purchase and if it's not what you expected, feel free to return it for a full refund.
Details
Ingredients:
Filtered Water, Skim Milk Powder, Maltodextrin (Wheat, Corn), Cane Sugar, Vegetable Fibre, Soy Protein, Vegetable Oils (Sunflower, Canola) Fructose, Oat Flour, Acidity Regulator (332), Flavours, Mineral (Calcium), Vegetable Gums (460, 466, 401), Stabiliser (452), Vitamins (C, Niacin, Al B12, B6, B2, B1, Folate), Salt.
Contains:
Wheat, milk, soy and cereals containing gluten.
Allergen:
Contains Soy, Contains Wheat, Contains Milk, Contains Oats, Contains Cereals Containing Gluten
Dietary:
High in Fibre, Low GI
Servings Per Pack:
12.0
Storage Instructions:
For convenience place entire box into your refrigerator.
Size:
12 x 250mL
Code: 1170130P
1 1 7 0 1 3 0 P
Customers also purchased
Sanitarium Up&Go Liquid Breakfast Chocolate Ice Fridge Pack 12X250mL 3L
Sanitarium Up&Go Liquid Breakfast Chocolate Ice Fridge Pack 12X250mL
3L
$15.80
Until 02 May 2023
3L $5.27 per 1L
Unit Price
Add
1
for $15.80

Sanitarium Up&Go Liquid Breakfast Banana Fridge Pack 12X250mL 3L
Sanitarium Up&Go Liquid Breakfast Banana Fridge Pack 12X250mL
3L
$15.80
Until 02 May 2023
3L $5.27 per 1L
Unit Price
Add
1
for $15.80

Sanitarium Up&Go Liquid Breakfast Strawberry Fridge Pack 12X250mL 3L
Sanitarium Up&Go Liquid Breakfast Strawberry Fridge Pack 12X250mL
3L
$15.80
Until 02 May 2023
3L $5.27 per 1L
Unit Price
Add
1
for $15.80

Sanitarium Up&Go Liquid Breakfast Caramel Fridge Pack 12X250mL 3L
Sanitarium Up&Go Liquid Breakfast Caramel Fridge Pack 12X250mL
3L
$15.80
Until 02 May 2023
3L $5.27 per 1L
Unit Price
Add
1
for $15.80"	['/wcsstore/Coles-CAS/images/1/1/7/1170130-th.jpg', '/wcsstore/Coles-CAS/images/1/1/7/1170130_L-th.jpg', '/wcsstore/Coles-CAS/images/1/1/7/1170130_R-th.jpg', '/wcsstore/Coles-CAS/images/1/1/7/1170130_B-th.jpg']
Sanitarium	Up&Go Liquid Breakfast Strawberry Fridge Pack 12X250mL	$ 15 .80	3L	$5.27 per 1L	"Nutrition Facts
Serving size: 1 serving = 250mL
Qty
Quantity
per serving Qty
Quantity
per 100g / 100ml %
Percentage
daily intake*
Energy 820kJ 328kJ
Not provided
Energy Cal 196Cal 79Cal
Not provided
Protein 8.4g 3.3g
Not provided
Total Fat 4.4g 1.8g
Not provided
Saturated Fat 0.6g 0.2g
Not provided
Carbohydrate 28.4g 11.4g
Not provided
Sugars 15.8g 6.3g
Not provided
Dietary Fibre Total 4.0g 1.6g
Not provided
Sodium 161mg 64mg
Not provided
Potassium 450mg 180mg
Not provided
Vitamin A 128ug (17%*) 51ug
Not provided
Vitamin B1 0.28mg (25%*) 0.11mg
Not provided
Vitamin B2 0.43mg (25%*) 0.17mg
Not provided
Vitamin B3 2.5mg (25%*) 1.0mg
Not provided
Vitamin B12 0.5ug (25%*) 0.2ug
Not provided
Vitamin C 10mg (25%*) 4mg
Not provided
Calcium 300mg (38%*) 120mg
Not provided
Vitamin B6 0.5mg (31%*) 0.2mg
Not provided
*Percentage Daily Intake per serving. Percentage Daily Intakes are based on an average adult diet of 8700 kJ. Your daily intakes may be higher or lower depending on your energy needs.
Disclaimer:
Product details, including nutritional information and country of origin, may change from time to time and so the product you receive in your order may not reflect the information on this page. Please check the packaging on any product you purchase and if it's not what you expected, feel free to return it for a full refund.
Details
Ingredients:
Filtered Water, Skim Milk Powder Maltodextrin (Wheat, Corn) Cane Sugar, Vegetable Fibre, Soy Protein, Vegetable Oils (Sunflower, Canola), Fructose, Oat Flour, Flavours, Mineral (Calcium), Acidity Regulator (332), Vegetable Gums (460, 466, 401), Stabiliser (452), Vitamins (C, Niacin, A, B12, B6, B2, B1, Folate), Salt.
Contains:
Milk, soy and cereals containing gluten.
Allergen:
Contains Soy, Contains Wheat, Contains Milk, Contains Oats, Contains Cereals Containing Gluten
Dietary:
High in Fibre, Low GI
Servings Per Pack:
12.0
Storage Instructions:
For convenience place entire box into your refrigerator.
Size:
12 x 250mL
Code: 1491360P
1 4 9 1 3 6 0 P
Customers also purchased
Sanitarium Up&Go Liquid Breakfast Chocolate Ice Fridge Pack 12X250mL 3L
Sanitarium Up&Go Liquid Breakfast Chocolate Ice Fridge Pack 12X250mL
3L
$15.80
Until 02 May 2023
3L $5.27 per 1L
Unit Price
Add
1
for $15.80

Sanitarium Up&Go Liquid Breakfast Vanilla Ice Fridge Pack 12X250mL 3L
Sanitarium Up&Go Liquid Breakfast Vanilla Ice Fridge Pack 12X250mL
3L
$15.80
Until 02 May 2023
3L $5.27 per 1L
Unit Price
Add
1
for $15.80

Sanitarium Up&Go Liquid Breakfast Banana Fridge Pack 12X250mL 3L
Sanitarium Up&Go Liquid Breakfast Banana Fridge Pack 12X250mL
3L
$15.80
Until 02 May 2023
3L $5.27 per 1L
Unit Price
Add
1
for $15.80

Sanitarium Up&Go Protein Energize Liquid Breakfast Vanilla 12X250mL 3L
Sanitarium Up&Go Protein Energize Liquid Breakfast Vanilla 12X250mL
3L
$15.80
Until 02 May 2023
3L $5.27 per 1L
Unit Price
Add
1
for $15.80"	['/wcsstore/Coles-CAS/images/1/4/9/1491360-th.jpg', '/wcsstore/Coles-CAS/images/1/4/9/1491360_L-th.jpg', '/wcsstore/Coles-CAS/images/1/4/9/1491360_R-th.jpg', '/wcsstore/Coles-CAS/images/1/4/9/1491360_B-th.jpg']
Sanitarium	Up&Go Liquid Breakfast Banana Fridge Pack 12X250mL	$ 15 .80	3L	$5.27 per 1L	"Nutrition Facts
Serving size: 1 serving = 250mL
Qty
Quantity
per serving Qty
Quantity
per 100g / 100ml %
Percentage
daily intake*
Energy 823kJ 329kJ
Not provided
Energy Cal 197Cal 79Cal
Not provided
Protein 8.3g 3.3g
Not provided
Total Fat 4.5g 1.8g
Not provided
Saturated Fat 0.6g 0.2g
Not provided
Carbohydrate 28.4g 11.4g
Not provided
Sugars 15.8g 6.3g
Not provided
Dietary Fibre Total 4.0g 1.6g
Not provided
Sodium 159mg 63mg
Not provided
Potassium 451mg 180mg
Not provided
Vitamin A 128ug (17%*) 51ug
Not provided
Vitamin B1 0.28mg (25%*) 0.11mg
Not provided
Vitamin B2 0.43mg (25%*) 0.17mg
Not provided
Vitamin B3 2.5mg (25%*) 1.0mg
Not provided
Vitamin B12 0.5ug (25%*) 0.2ug
Not provided
Vitamin C 10mg (25%*) 4mg
Not provided
Calcium 300mg (38%*) 120mg
Not provided
Vitamin B6 0.5mg (31%*) 0.2mg
Not provided
*Percentage Daily Intake per serving. Percentage Daily Intakes are based on an average adult diet of 8700 kJ. Your daily intakes may be higher or lower depending on your energy needs.
Disclaimer:
Product details, including nutritional information and country of origin, may change from time to time and so the product you receive in your order may not reflect the information on this page. Please check the packaging on any product you purchase and if it's not what you expected, feel free to return it for a full refund.
Details
Ingredients:
Filtered Water, Skim Milk Powder Maltodextrin (Wheat, Corn) Cane Sugar, Vegetable Fibre, Soy Protein, Vegetable Oils (Sunflower, Canola), Fructose, Oat Flour, Flavour, Acidity Regulator (332), Mineral (Calcium), Vegetable Gums (460, 466, 407), Stabiliser (452), Vitamins (C, Niacin, Al B12, B6, B2, B1, Folate), Salt.
Contains:
Milk, soy and cereals containing gluten.
Allergen:
Contains Soy, Contains Wheat, Contains Milk, Contains Oats, Contains Cereals Containing Gluten
Dietary:
High in Fibre, Low GI
Servings Per Pack:
12.0
Storage Instructions:
For convenience place entire box into your refrigerator.
Size:
12 x 250mL
Code: 1491338P
1 4 9 1 3 3 8 P
Customers also purchased
Sanitarium Up&Go Liquid Breakfast Chocolate Ice Fridge Pack 12X250mL 3L
Sanitarium Up&Go Liquid Breakfast Chocolate Ice Fridge Pack 12X250mL
3L
$15.80
Until 02 May 2023
3L $5.27 per 1L
Unit Price
Add
1
for $15.80

Sanitarium Up&Go Liquid Breakfast Vanilla Ice Fridge Pack 12X250mL 3L
Sanitarium Up&Go Liquid Breakfast Vanilla Ice Fridge Pack 12X250mL
3L
$15.80
Until 02 May 2023
3L $5.27 per 1L
Unit Price
Add
1
for $15.80

Sanitarium Up&Go Liquid Breakfast Strawberry Fridge Pack 12X250mL 3L
Sanitarium Up&Go Liquid Breakfast Strawberry Fridge Pack 12X250mL
3L
$15.80
Until 02 May 2023
3L $5.27 per 1L
Unit Price
Add
1
for $15.80

Sanitarium Up&Go Liquid Breakfast Caramel Fridge Pack 12X250mL 3L
Sanitarium Up&Go Liquid Breakfast Caramel Fridge Pack 12X250mL
3L
$15.80
Until 02 May 2023
3L $5.27 per 1L
Unit Price
Add
1
for $15.80"	['/wcsstore/Coles-CAS/images/1/4/9/1491338-th.jpg', '/wcsstore/Coles-CAS/images/1/4/9/1491338_L-th.jpg', '/wcsstore/Coles-CAS/images/1/4/9/1491338_R-th.jpg', '/wcsstore/Coles-CAS/images/1/4/9/1491338_B-th.jpg']
Sanitarium	Up&Go Vanilla Ice Cereal 6X250mL	$ 10 .50	1.5L	$7.00 per 1L	"Nutrition Facts
Serving size: 1 serving = 250mL
Qty
Quantity
per serving Qty
Quantity
per 100g / 100ml %
Percentage
daily intake*
Energy 815kJ 326kJ
Not provided
Energy Cal 195Cal 78Cal
Not provided
Protein 8.3g 3.3g
Not provided
Total Fat 4.3g 1.7g
Not provided
Saturated Fat 0.6g 0.2g
Not provided
Carbohydrate 28.4g 11.3g
Not provided
Sugars 15.8g 6.3g
Not provided
Dietary Fibre Total 4.0g 1.6g
Not provided
Sodium 158mg 63mg
Not provided
Potassium 450mg 180mg
Not provided
Folic Acid
Not provided
20ug
Not provided
Vitamin A
Not provided
51ug
Not provided
Vitamin B1
Not provided
0.11mg
Not provided
Vitamin B2
Not provided
0.17mg
Not provided
Vitamin B3
Not provided
1.0mg
Not provided
Vitamin B12
Not provided
0.2ug
Not provided
Vitamin C
Not provided
4mg
Not provided
Calcium
Not provided
120mg
Not provided
Vitamin B6
Not provided
0.2mg
Not provided
*Percentage Daily Intake per serving. Percentage Daily Intakes are based on an average adult diet of 8700 kJ. Your daily intakes may be higher or lower depending on your energy needs.
Disclaimer:
Product details, including nutritional information and country of origin, may change from time to time and so the product you receive in your order may not reflect the information on this page. Please check the packaging on any product you purchase and if it's not what you expected, feel free to return it for a full refund.
Details
Ingredients:
Filtered Water, Skim Milk Powder, Maltodextrin (Wheat, Corn), Cane Sugar, Vegetable Fibre, Soy Protein, Vegetable Oils (Sunflower, Canola), Fructose, Oat Flour, Mineral (Calcium), Acidity Regulator (332), Flavour, Vegetable Gums (460, 466, 407), Stabiliser (452), Salt, Vitamins (C, Niacin, A, B12, B6, B2, B1, Folate)., Filtered Water, Skim Milk Powder, Cane Sugar, Wheat Maltodextrin, Soy Protein, Vegetable Oils (Sunflower, Canola), Hi-Maize Starch, Inulin, Corn Syrup Solids, Flavours, Fructose, Cereals (Oat Flour, Barley Beta Glucan), Minerals (Calcium, Phosphorus), Food Acid (332), Vegetable Gums (460, 466, 407), Vitamins (C, Niacin, A, B12, B6, B2, B1, Folate), Salt.
Contains:
Milk, Soy and Cereals containing Gluten.
Allergen:
Contains Gluten, Contains Soy, Contains Milk, Contains Cereals
Dietary:
High in Fibre, Low GI
Servings Per Pack:
1.0
Storage Instructions:
Great chilled.
Usage Instructions:
Shake me!
Size:
6x250mL
Warning:
Formulated Supplementary Food UP&GO is intended to supplement a diet which may be low in energy or vitamins and minerals. Not suitable as a complete milk food for children under 2 years.
Code: 9724815P
9 7 2 4 8 1 5 P
Customers also purchased
Sanitarium Up&Go Banana Cereal 6X250mL 1.5L
Sanitarium Up&Go Banana Cereal 6X250mL
1.5L
$10.50
1.5L $7.00 per 1L
Unit Price
Add
1
for $10.50

Sanitarium Up&Go Strawberry Cereal 6X250mL 1.5L
Sanitarium Up&Go Strawberry Cereal 6X250mL
1.5L
$10.50
1.5L $7.00 per 1L
Unit Price
Add
1
for $10.50

Sanitarium Up&Go Choc Ice Cereal 6X250mL 1.5L
Sanitarium Up&Go Choc Ice Cereal 6X250mL
1.5L
$10.50
1.5L $7.00 per 1L
Unit Price
Add
1
for $10.50

Sanitarium Up&Go Liquid Breakfast Choc Ice Cereal No Added Sugar 6X250mL 1.5L
Sanitarium Up&Go Liquid Breakfast Choc Ice Cereal No Added Sugar 6X250mL
1.5L
$10.50
1.5L $7.00 per 1L
Unit Price
Add
1
for $10.50"	['/wcsstore/Coles-CAS/images/9/7/2/9724815-th.jpg', '/wcsstore/Coles-CAS/images/9/7/2/9724815_L-th.jpg', '/wcsstore/Coles-CAS/images/9/7/2/9724815_R-th.jpg', '/wcsstore/Coles-CAS/images/9/7/2/9724815_B-th.jpg']
Sanitarium	Up&Go Liquid Breakfast Choc Ice No Added Sugar Fridge Pack 12X250mL	$ 15 .80	3L	$5.27 per 1L	"Nutrition Facts
Serving size: 1 serving = 250mL
Qty
Quantity
per serving Qty
Quantity
per 100g / 100ml %
Percentage
daily intake*
Energy 578kJ 231kJ
Not provided
Energy Cal 138Cal 55Cal
Not provided
Protein 8.5g 3.4g
Not provided
Total Fat 3.7g 1.5g
Not provided
Saturated Fat 0.7g 0.3g
Not provided
Carbohydrate 15.4g 6.1g
Not provided
Sugars 10.5g 4.2g
Not provided
Dietary Fibre Total 4.0g 1.6g
Not provided
Sodium 174mg 70mg
Not provided
Lactose 10.1g 4.0g
Not provided
Potassium 639mg 256mg
Not provided
Vitamin A 103ug 41ug 17%*
Vitamin B1 0.28mg 0.11mg 25%*
Vitamin B2 0.43mg 0.17mg 25%*
Vitamin B3 2.5mg 1.0mg 25%*
Vitamin B12 0.4ug 0.16ug 25%*
Vitamin C 10mg 4mg 25%*
Calcium 300mg (38%)* 120mg
Not provided
Vitamin B6 0.25mg 0.1mg 16%*
*Percentage Daily Intake per serving. Percentage Daily Intakes are based on an average adult diet of 8700 kJ. Your daily intakes may be higher or lower depending on your energy needs.
Disclaimer:
Product details, including nutritional information and country of origin, may change from time to time and so the product you receive in your order may not reflect the information on this page. Please check the packaging on any product you purchase and if it's not what you expected, feel free to return it for a full refund.
Details
Ingredients:
Filtered water, skim milk powder (8%), cereal flour (brown rice, oat), sweeteners (erythritol, steviol glycosides), vegetable oils (sunflower, canola), vegetable fibre, cocoa powder (0.5%), vegetable gums (460, 407, 466, 418), soy protein, flavours, acidity regulator (332), mineral (calcium), stabiliser (452), vitamins (C, niacin, Al B12, B6, B2, B1, folate), salt, flaxseed fibre.
Contains:
Milk, Soy and Cereals containing Gluten.
Allergen:
Contains Soy, Contains Milk, Contains Oats, Contains Cereals Containing Gluten
Dietary:
No Added Sugars, Low GI
Servings Per Pack:
12.0
Storage Instructions:
For convenience place entire box into your refrigerator.
Size:
12 x 250mL
Code: 3723514P
3 7 2 3 5 1 4 P
Customers also purchased
Sanitarium Up&Go Liquid Breakfast Banana Fridge Pack 12X250mL 3L
Sanitarium Up&Go Liquid Breakfast Banana Fridge Pack 12X250mL
3L
$15.80
Until 02 May 2023
3L $5.27 per 1L
Unit Price
Add
1
for $15.80

Sanitarium Up&Go Liquid Breakfast Strawberry Fridge Pack 12X250mL 3L
Sanitarium Up&Go Liquid Breakfast Strawberry Fridge Pack 12X250mL
3L
$15.80
Until 02 May 2023
3L $5.27 per 1L
Unit Price
Add
1
for $15.80

Sanitarium Up&Go Liquid Breakfast Vanilla No Added Sugar Fridge Pack 12X250mL 3L
Sanitarium Up&Go Liquid Breakfast Vanilla No Added Sugar Fridge Pack 12X250mL
3L
$15.80
Until 02 May 2023
3L $5.27 per 1L
Unit Price
Add
1
for $15.80

Sanitarium Up&Go Liquid Breakfast Fridge Pack Dairy Free Choc 12X250mL 3L
Sanitarium Up&Go Liquid Breakfast Fridge Pack Dairy Free Choc 12X250mL
3L
$15.80
Until 02 May 2023
3L $5.27 per 1L
Unit Price
Add
1
for $15.80"	['/wcsstore/Coles-CAS/images/3/7/2/3723514-th.jpg', '/wcsstore/Coles-CAS/images/3/7/2/3723514_L-th.jpg', '/wcsstore/Coles-CAS/images/3/7/2/3723514_R-th.jpg', '/wcsstore/Coles-CAS/images/3/7/2/3723514_B-th.jpg']
Sanitarium	Up&Go Protein Energize Liquid Breakfast Vanilla 12X250mL	$ 15 .80	3L	$5.27 per 1L	"Nutrition Facts
Serving size: 1 serving = 250mL
Qty
Quantity
per serving Qty
Quantity
per 100g / 100ml %
Percentage
daily intake*
Energy 908kJ 363kJ
Not provided
Energy Cal 217Cal 87Cal
Not provided
Protein 17.5g 7.0g
Not provided
Total Fat 4.5g 1.8g
Not provided
Saturated Fat 0.6g 0.3g
Not provided
Carbohydrate 25.0g 10.0g
Not provided
Sugars 16.0g 6.4g
Not provided
Dietary Fibre Total 2.4g 1.0g
Not provided
Sodium 226mg 90mg
Not provided
Potassium 499mg 200mg
Not provided
Vitamin A 128ug 51ug (17%)*
Vitamin B1 0.28mg 0.11mg (25%)*
Vitamin B2 0.43mg 0.17mg (25%)*
Vitamin B3 2.5mg 1.0mg (25%)*
Vitamin B12 0.5ug 0.2ug (25%)*
Vitamin C 10mg 4mg (25%)*
Calcium 300mg 120mg (38%)*
Vitamin B6 0.5mg 0.2mg (31%)*
*Percentage Daily Intake per serving. Percentage Daily Intakes are based on an average adult diet of 8700 kJ. Your daily intakes may be higher or lower depending on your energy needs.
Disclaimer:
Product details, including nutritional information and country of origin, may change from time to time and so the product you receive in your order may not reflect the information on this page. Please check the packaging on any product you purchase and if it's not what you expected, feel free to return it for a full refund.
Details
Ingredients:
Filtered water, skim milk powder, soy protein, wheat maltodextrin, cane sugar, milk protein concentrate, vegetable oils (sunflower, canola), vegetable fibre, fructose, flavour, acidity regulator (332), vegetable gums (460, 466, 407), mineral (calcium), stabiliser (452), vitamins (C, niacin, A, B12, B6, B1, B2, folate), salt.
Contains:
Milk, Soy and Cereals containing Gluten (Wheat).
Allergen:
Contains Soy, Contains Wheat, Contains Milk, Contains Cereals Containing Gluten
Dietary:
High in Fibre, Low GI
Servings Per Pack:
12.0
Size:
12 x 250mL
Warning:
Not suitable as a complete milk food for children under 2 years. For convenience place entire box into your refrigerator.
Code: 4233317P
4 2 3 3 3 1 7 P
Customers also purchased
Sanitarium Up&Go Liquid Breakfast Banana Fridge Pack 12X250mL 3L
Sanitarium Up&Go Liquid Breakfast Banana Fridge Pack 12X250mL
3L
$15.80
Until 02 May 2023
3L $5.27 per 1L
Unit Price
Add
1
for $15.80

Sanitarium Up&Go Liquid Breakfast Strawberry Fridge Pack 12X250mL 3L
Sanitarium Up&Go Liquid Breakfast Strawberry Fridge Pack 12X250mL
3L
$15.80
Until 02 May 2023
3L $5.27 per 1L
Unit Price
Add
1
for $15.80

Sanitarium Up&Go Liquid Breakfast Protein Energize Choc Fridge Pack 12X250mL 3L
Sanitarium Up&Go Liquid Breakfast Protein Energize Choc Fridge Pack 12X250mL
3L
$15.80
Until 02 May 2023
3L $5.27 per 1L
Unit Price
Add
1
for $15.80

Sanitarium Up&Go Liquid Breakfast Caramel Fridge Pack 12X250mL 3L
Sanitarium Up&Go Liquid Breakfast Caramel Fridge Pack 12X250mL
3L
$15.80
Until 02 May 2023
3L $5.27 per 1L
Unit Price
Add
1
for $15.80"	['/wcsstore/Coles-CAS/images/4/2/3/4233317-th.jpg', '/wcsstore/Coles-CAS/images/4/2/3/4233317_L-th.jpg', '/wcsstore/Coles-CAS/images/4/2/3/4233317_R-th.jpg', '/wcsstore/Coles-CAS/images/4/2/3/4233317_B-th.jpg']
Sanitarium	Up And Go Strawberry Cereal 3x250mL	$ 5 .60	750mL	$7.47 per 1L	"Nutrition Facts
Serving size: 1 serving = 250mL
Qty
Quantity
per serving Qty
Quantity
per 100g / 100ml %
Percentage
daily intake*
Energy 820kJ 328kJ
Not provided
Energy Cal 196Cal 79Cal
Not provided
Protein 8.4g 3.3g
Not provided
Total Fat 4.4g 1.8g
Not provided
Saturated Fat 0.6g 0.2g
Not provided
Carbohydrate 28.4g 11.4g
Not provided
Sugars 15.8g 6.3g
Not provided
Dietary Fibre Total 4.0g 1.6g
Not provided
Sodium 161mg 64mg
Not provided
Potassium 450mg 180mg
Not provided
Vitamin A 128ug (17%)* 51ug
Not provided
Vitamin B1 0.28mg (25%)* 0.11mg
Not provided
Vitamin B2 0.43mg (25%)* 0.17mg
Not provided
Vitamin B3 2.5mg (25%)* 1.0mg
Not provided
Vitamin B12 0.5ug (25%)* 0.2ug
Not provided
Vitamin C 10mg (25%)* 4mg
Not provided
Calcium 300mg (38%)* 120mg
Not provided
Vitamin B6 0.5mg (31%)* 0.2mg
Not provided
*Percentage Daily Intake per serving. Percentage Daily Intakes are based on an average adult diet of 8700 kJ. Your daily intakes may be higher or lower depending on your energy needs.
Disclaimer:
Product details, including nutritional information and country of origin, may change from time to time and so the product you receive in your order may not reflect the information on this page. Please check the packaging on any product you purchase and if it's not what you expected, feel free to return it for a full refund.
Details
Ingredients:
Filtered Water, Skim Milk Powder Maltodextrin (Wheat, Corn) Cane Sugar, Vegetable Fibre, Soy Protein, Vegetable Oils (Sunflower, Canola), Fructose, Oat Flour, Flavours, Mineral (Calcium), Acidity Regulator (332), Vegetable Gums (460, 466, 401), Stabiliser (452), Vitamins (C, Niacin, A, B12, B6, B2, B1, Folate), Salt.
Contains:
Milk, soy and cereals containing gluten.
Allergen:
Contains Soy, Contains Wheat, Contains Milk, Contains Oats, Contains Cereals Containing Gluten
Dietary:
High in Fibre, Low GI
Servings Per Pack:
1.0
Usage Instructions:
Great chilled! Shake me!
Size:
3 x 250mL
Code: 8037809P
8 0 3 7 8 0 9 P
Customers also purchased
Sanitarium Up&Go Liquid Breakfast Chocolate Ice 3X250mL 750mL
Sanitarium Up&Go Liquid Breakfast Chocolate Ice 3X250mL
750mL
$5.60
750mL $7.47 per 1L
Unit Price
Add
1
for $5.60

Sanitarium Up And Go Banana Cereal 3x250mL 750mL
Sanitarium Up And Go Banana Cereal 3x250mL
750mL
$5.60
750mL $7.47 per 1L
Unit Price
Add
1
for $5.60

Sanitarium Up And Go Vanilla Ice Cereal 3x250mL 750mL
Sanitarium Up And Go Vanilla Ice Cereal 3x250mL
750mL
$5.60
750mL $7.47 per 1L
Unit Price
Add
1
for $5.60

Sanitarium Up&Go Dairy Free Choc 3x250mL 750mL
Sanitarium Up&Go Dairy Free Choc 3x250mL
750mL
$5.60
750mL $7.47 per 1L
Unit Price
Add
1
for $5.60"	['/wcsstore/Coles-CAS/images/8/0/3/8037809-th.jpg', '/wcsstore/Coles-CAS/images/8/0/3/8037809_L-th.jpg', '/wcsstore/Coles-CAS/images/8/0/3/8037809_R-th.jpg', '/wcsstore/Coles-CAS/images/8/0/3/8037809_B-th.jpg']
Sanitarium	Up&Go Banana Cereal 6X250mL	$ 10 .50	1.5L	$7.00 per 1L	"Nutrition Facts
Serving size: 1 serving = 250mL
Qty
Quantity
per serving Qty
Quantity
per 100g / 100ml %
Percentage
daily intake*
Energy 823kJ 329kJ
Not provided
Energy Cal 197Cal 79Cal
Not provided
Protein 8.3g 3.3g
Not provided
Total Fat 4.5g 1.8g
Not provided
Saturated Fat 0.6g 0.2g
Not provided
Carbohydrate 28.4g 11.4g
Not provided
Sugars 15.8g 6.3g
Not provided
Dietary Fibre Total 4.0g 1.6g
Not provided
Sodium 159mg 63mg
Not provided
Potassium 451mg 180mg
Not provided
Folic Acid 50ug 20ug 25%*
Vitamin A 128ug 51ug 17%*
Vitamin B1 0.28mg 0.11mg 25%*
Vitamin B2 0.43mg 0.17mg 25%*
Vitamin B3 2.5mg 1.0mg 25%*
Vitamin B12 0.5mg 0.2mg 25%*
Vitamin C 10mg 4mg 25%*
Calcium 300mg 120mg 38%
Vitamin B6 0.5mg 0.2mg 31%*
*Percentage Daily Intake per serving. Percentage Daily Intakes are based on an average adult diet of 8700 kJ. Your daily intakes may be higher or lower depending on your energy needs.
Disclaimer:
Product details, including nutritional information and country of origin, may change from time to time and so the product you receive in your order may not reflect the information on this page. Please check the packaging on any product you purchase and if it's not what you expected, feel free to return it for a full refund.
Details
Ingredients:
Filtered Water, Skim Milk Powder, Cane Sugar, Maltodextrin (Wheat, Corn), Soy Protein, Vegetable Fibre, Vegetable Oils (Sunflower, Canola), Corn Syrup Solids, Fructose, Oat Flour, Flavour, Acidity Regulator (332), Vegetable Gums (460, 466, 407), Mineral (Calcium), Stabiliser (452), Salt, Vitamins (C, Niacin, A, B12, B6, B2, B1, Folate).
Contains:
Milk, Soy and Cereals containing Gluten.
Allergen:
Contains Gluten, Contains Soy, Contains Milk, Contains Cereals
Dietary:
High in Fibre, Low GI
Servings Per Pack:
1.0
Storage Instructions:
Great chilled!
Size:
6 x 250mL
Warning:
Formulated Supplementary Food. UP&GO Energize is intended to supplement a diet which may be low in energy or vitamins and minerals. Not suitable as a complete milk food for children under 2 years.
Preparation Instructions:
Shake me!
Code: 8047915P
8 0 4 7 9 1 5 P
Customers also purchased
Sanitarium Up&Go Strawberry Cereal 6X250mL 1.5L
Sanitarium Up&Go Strawberry Cereal 6X250mL
1.5L
$10.50
1.5L $7.00 per 1L
Unit Price
Add
1
for $10.50

Sanitarium Up&Go Vanilla Ice Cereal 6X250mL 1.5L
Sanitarium Up&Go Vanilla Ice Cereal 6X250mL
1.5L
$10.50
1.5L $7.00 per 1L
Unit Price
Add
1
for $10.50

Sanitarium Up&Go Choc Ice Cereal 6X250mL 1.5L
Sanitarium Up&Go Choc Ice Cereal 6X250mL
1.5L
$10.50
1.5L $7.00 per 1L
Unit Price
Add
1
for $10.50

Sanitarium Up&Go Liquid Breakfast Choc Ice Cereal No Added Sugar 6X250mL 1.5L
Sanitarium Up&Go Liquid Breakfast Choc Ice Cereal No Added Sugar 6X250mL
1.5L
$10.50
1.5L $7.00 per 1L
Unit Price
Add
1
for $10.50"	['/wcsstore/Coles-CAS/images/8/0/4/8047915-th.jpg', '/wcsstore/Coles-CAS/images/8/0/4/8047915_L-th.jpg', '/wcsstore/Coles-CAS/images/8/0/4/8047915_R-th.jpg', '/wcsstore/Coles-CAS/images/8/0/4/8047915_B-th.jpg']
Sanitarium	Up&Go Strawberry Cereal 6X250mL	$ 10 .50	1.5L	$7.00 per 1L	"Nutrition Facts
Serving size: 1 serving = 250mL
Qty
Quantity
per serving Qty
Quantity
per 100g / 100ml %
Percentage
daily intake*
Energy 820kJ 328kJ
Not provided
Energy Cal 196Cal 79Cal
Not provided
Protein 8.4g 3.3g
Not provided
Total Fat 4.4g 1.8g
Not provided
Saturated Fat 0.5g 0.2g
Not provided
Carbohydrate 28.4g 11.4g
Not provided
Sugars 15.8g 6.3g
Not provided
Dietary Fibre Total 4.0g 1.6g
Not provided
Sodium 161mg 64mg
Not provided
Potassium 450mg 180mg
Not provided
Folic Acid
Not provided
20ug
Not provided
Vitamin A
Not provided
51ug
Not provided
Vitamin B1
Not provided
0.11mg
Not provided
Vitamin B2
Not provided
0.17mg
Not provided
Vitamin B3
Not provided
1.0mg
Not provided
Vitamin B12
Not provided
0.2mg
Not provided
Vitamin C
Not provided
4mg
Not provided
Calcium
Not provided
120mg
Not provided
Vitamin B6
Not provided
0.2mg
Not provided
*Percentage Daily Intake per serving. Percentage Daily Intakes are based on an average adult diet of 8700 kJ. Your daily intakes may be higher or lower depending on your energy needs.
Disclaimer:
Product details, including nutritional information and country of origin, may change from time to time and so the product you receive in your order may not reflect the information on this page. Please check the packaging on any product you purchase and if it's not what you expected, feel free to return it for a full refund.
Details
Ingredients:
Filtered Water, Skim Milk Powder, Maltodextrin (Wheat, Corn), Cane Sugar, Vegetable Fibre, Vegetable Oils (Sunflower, Canola), Soy Protein, Fructose, Oat Flour, Flavours, Mineral (Calcium), Acidity Regulator (332), Vegetable Gums (460, 466, 407), Stabiliser (452), Salt, Vitamins (C, Niacin, A, B12, B6, B2, B1, Folate).
Contains:
Milk, Soy and Cereals containing Gluten.
Allergen:
Contains Gluten, Contains Soy, Contains Milk, Contains Cereals
Dietary:
High in Fibre, Low GI
Servings Per Pack:
1.0
Storage Instructions:
Great chilled!
Usage Instructions:
Shake me!
Size:
6x250mL
Warning:
Formulated Supplementary Food UP&GO is intended to supplement a diet which may be low in energy or vitamins and minerals. Not suitable as a complete milk food for children under 2 years.
Code: 9490656P
9 4 9 0 6 5 6 P
Customers also purchased
Sanitarium Up&Go Banana Cereal 6X250mL 1.5L
Sanitarium Up&Go Banana Cereal 6X250mL
1.5L
$10.50
1.5L $7.00 per 1L
Unit Price
Add
1
for $10.50

Sanitarium Up&Go Vanilla Ice Cereal 6X250mL 1.5L
Sanitarium Up&Go Vanilla Ice Cereal 6X250mL
1.5L
$10.50
1.5L $7.00 per 1L
Unit Price
Add
1
for $10.50

Sanitarium Up&Go Choc Ice Cereal 6X250mL 1.5L
Sanitarium Up&Go Choc Ice Cereal 6X250mL
1.5L
$10.50
1.5L $7.00 per 1L
Unit Price
Add
1
for $10.50

Sanitarium Up&Go Energize Vanilla 6x250mL 1.5L
Sanitarium Up&Go Energize Vanilla 6x250mL
1.5L
$10.50
1.5L $7.00 per 1L
Unit Price
Add
1
for $10.50"	['/wcsstore/Coles-CAS/images/9/4/9/9490656-th.jpg', '/wcsstore/Coles-CAS/images/9/4/9/9490656_L-th.jpg', '/wcsstore/Coles-CAS/images/9/4/9/9490656_R-th.jpg', '/wcsstore/Coles-CAS/images/9/4/9/9490656_B-th.jpg']
Sanitarium	Up&Go Liquid Breakfast Fridge Pack Dairy Free Choc 12X250mL	$ 15 .80	3L	$5.27 per 1L	"Nutrition Facts
Serving size: 1 serving = 250mL
Qty
Quantity
per serving Qty
Quantity
per 100g / 100ml %
Percentage
daily intake*
Energy 753kJ 294kJ
Not provided
Energy Cal 176Cal 70Cal
Not provided
Protein 8.8g 3.5g
Not provided
Total Fat 4.1g 1.7g
Not provided
Saturated Fat 0.6g 0.2g
Not provided
Carbohydrate 23.6g 9.4g
Not provided
Sugars 12.0g 4.8g
Not provided
Dietary Fibre Total 4.0g 1.6g
Not provided
Sodium 145mg 58mg
Not provided
Gluten Not detected Not detected
Not provided
Potassium 360mg 144mg
Not provided
Vitamin A 128ug (17%)* 51ug
Not provided
Vitamin B1 0.28mg (25%)* 0.11mg
Not provided
Vitamin B2 0.43mg (25%)* 0.17mg
Not provided
Vitamin B3 2.5mg (25%)* 1.0mg
Not provided
Vitamin B12 0.5ug (25%)* 0.2ug
Not provided
Vitamin C 10mg (25%)* 4mg
Not provided
Calcium 300mg (38%)* 120mg
Not provided
Vitamin B6 0.5mg (31%)* 0.2mg
Not provided
*Percentage Daily Intake per serving. Percentage Daily Intakes are based on an average adult diet of 8700 kJ. Your daily intakes may be higher or lower depending on your energy needs.
Disclaimer:
Product details, including nutritional information and country of origin, may change from time to time and so the product you receive in your order may not reflect the information on this page. Please check the packaging on any product you purchase and if it's not what you expected, feel free to return it for a full refund.
Details
Ingredients:
Water, Soy Protein, Corn Maltodextrin, Cane Sugar, Plant Fibre, Vegetable Oils (Sunflower, Canola), Fructose, Cocoa (0.5%), Brown Rice Flour, Flavours, Mineral (Calcium), Acidity Regulator (Potassium Citrate), Vegetable Gums (460, 466, 407), Stabiliser (452), Vitamins (C, Niacin, A, B12, B6, B2, B1, Folate), Salt.
Contains:
Soy
Allergen:
Contains Soy
Dietary:
High in Fibre
Servings Per Pack:
12.0
Storage Instructions:
Store in a cool, dry place until ready to store in fridge.
Suitable for:
Vegan friendly.
Usage Instructions:
Shake me! Enjoy your UP&GO.
Size:
12 x 250mL
Warning:
Not suitable as a complete milk food for children under 2 years. UP&GO is intended to supplement a diet which may be low in energy or vitamins and minerals.
Code: 4862436P
4 8 6 2 4 3 6 P
Customers also purchased
Sanitarium Up&Go Liquid Breakfast Strawberry Fridge Pack 12X250mL 3L
Sanitarium Up&Go Liquid Breakfast Strawberry Fridge Pack 12X250mL
3L
$15.80
Until 02 May 2023
3L $5.27 per 1L
Unit Price
Add
1
for $15.80

Sanitarium Up&Go Liquid Breakfast Protein Energize Choc Fridge Pack 12X250mL 3L
Sanitarium Up&Go Liquid Breakfast Protein Energize Choc Fridge Pack 12X250mL
3L
$15.80
Until 02 May 2023
3L $5.27 per 1L
Unit Price
Add
1
for $15.80

Sanitarium Up&Go Dairy Free Vanilla 3x250mL 750mL
Sanitarium Up&Go Dairy Free Vanilla 3x250mL
750mL
$5.60
750mL $7.47 per 1L
Unit Price
Add
1
for $5.60

Sanitarium Up&Go Liquid Breakfast Fridge Pack Dairy Free Vanilla 12X250mL 3L
Sanitarium Up&Go Liquid Breakfast Fridge Pack Dairy Free Vanilla 12X250mL
3L
$15.80
Until 02 May 2023
3L $5.27 per 1L
Unit Price
Add
1
for $15.80"	['/wcsstore/Coles-CAS/images/4/8/6/4862436-th.jpg', '/wcsstore/Coles-CAS/images/4/8/6/4862436_L-th.jpg', '/wcsstore/Coles-CAS/images/4/8/6/4862436_R-th.jpg', '/wcsstore/Coles-CAS/images/4/8/6/4862436_B-th.jpg']
Sanitarium	Up&Go Liquid Breakfast Choc Ice Cereal No Added Sugar 6X250mL	$ 10 .50	1.5L	$7.00 per 1L	"Nutrition Facts
Serving size: 1 serving = 250mL
Qty
Quantity
per serving Qty
Quantity
per 100g / 100ml %
Percentage
daily intake*
Energy 578kJ 231kJ
Not provided
Energy Cal 138Cal 55Cal
Not provided
Protein 8.5g 3.4g
Not provided
Total Fat 3.7g 1.5g
Not provided
Saturated Fat 0.7g 0.3g
Not provided
Carbohydrate 15.4g 6.2g
Not provided
Sugars 10.4g 4.2g
Not provided
Dietary Fibre Total 4.0g 1.6g
Not provided
Sodium 174mg 70mg
Not provided
Lactose 10.1g 4.0g
Not provided
Potassium 652mg 261mg
Not provided
Vitamin A 128ug 51ug 17%
Vitamin B1 0.28mg 0.11mg 25%
Vitamin B2 0.43mg 0.17mg 25%
Vitamin B3 2.5mg 1.0mg 25%
Vitamin B12 0.5ug 0.2ug 25%
Vitamin C 10mg 4mg 25%
Calcium 300mg 120mg 38%
Vitamin B6 0.5mg 0.2mg 31%
*Percentage Daily Intake per serving. Percentage Daily Intakes are based on an average adult diet of 8700 kJ. Your daily intakes may be higher or lower depending on your energy needs.
Disclaimer:
Product details, including nutritional information and country of origin, may change from time to time and so the product you receive in your order may not reflect the information on this page. Please check the packaging on any product you purchase and if it's not what you expected, feel free to return it for a full refund.
Details
Ingredients:
Filtered water, skim milk powder (8%), cereal flour (brown rice, oat), sweeteners (erythritol, steviol glycosides), vegetable oils (sunflower, canola), vegetable fibre, cocoa powder (0.5%), vegetable gums (460, 407, 466, 418), soy protein, flavours acidity regulator (332), mineral (calcium), stabiliser (452), vitamins (C, niacin, Al B12, B6, B2, Bl, folate), salt, flaxseed fibre.
Contains:
Contains milk, soy and cereals containing gluten.
Allergen:
Contains Gluten, Contains Soy, Contains Milk, Contains Oats, Contains Cereals
Dietary:
High in Fibre, Low GI
Servings Per Pack:
1.0
Usage Instructions:
Great Chilled! Shake Me!
Size:
6 x 250mL
Warning:
Formulated Supplementary Food. UP&GO is intended to supplement a diet which may be low in energy or vitamins and minerals. Not suitable as a complete milk food for children under 2 years.
Code: 3723478P
3 7 2 3 4 7 8 P
Customers also purchased
Sanitarium Up And Go Strawberry Cereal 3x250mL 750mL
Sanitarium Up And Go Strawberry Cereal 3x250mL
750mL
$5.60
750mL $7.47 per 1L
Unit Price
Add
1
for $5.60

Sanitarium Up&Go Banana Cereal 6X250mL 1.5L
Sanitarium Up&Go Banana Cereal 6X250mL
1.5L
$10.50
1.5L $7.00 per 1L
Unit Price
Add
1
for $10.50

Sanitarium Up And Go Vanilla Ice Cereal 3x250mL 750mL
Sanitarium Up And Go Vanilla Ice Cereal 3x250mL
750mL
$5.60
750mL $7.47 per 1L
Unit Price
Add
1
for $5.60

Sanitarium Up&Go Liquid Breakfast Vanilla Ice Cereal No Added Sugar 6X250mL 1.5L
Sanitarium Up&Go Liquid Breakfast Vanilla Ice Cereal No Added Sugar 6X250mL
1.5L
$10.50
1.5L $7.00 per 1L
Unit Price
Add
1
for $10.50"	['/wcsstore/Coles-CAS/images/3/7/2/3723478-th.jpg', '/wcsstore/Coles-CAS/images/3/7/2/3723478_L-th.jpg', '/wcsstore/Coles-CAS/images/3/7/2/3723478_R-th.jpg', '/wcsstore/Coles-CAS/images/3/7/2/3723478_B-th.jpg']
Sanitarium	Up&Go Energize Choc 6X250mL	$ 10 .50	1.5L	$7.00 per 1L	"Nutrition Facts
Serving size: 1 serving = 250mL
Qty
Quantity
per serving Qty
Quantity
per 100g / 100ml %
Percentage
daily intake*
Energy 843kJ 337kJ
Not provided
Energy Cal 201Cal 81Cal
Not provided
Protein 17.9g 7.2g
Not provided
Total Fat 4.2g 1.7g
Not provided
Saturated Fat 0.7g 0.3g
Not provided
Carbohydrate 21.2g 8.5g
Not provided
Sugars 16.6g 6.7g
Not provided
Dietary Fibre Total 2.6g 1.0g
Not provided
Sodium 225mg 90mg
Not provided
Potassium 600mg 240mg
Not provided
Vitamin A 103ug 41ug 14%*
Vitamin B1 0.28mg 0.11mg 25%*
Vitamin B2 0.43mg 0.17mg 25%*
Vitamin B3 2.5mg 1.0mg 25%*
Vitamin B12 0.4ug 0.16ug 20%*
Vitamin C 10mg 4mg 25%*
Vitamin D 2ug 0.8ug 20%*
Calcium 300mg 120mg 38%*
Vitamin B6 0.25mg 0.1mg 16%*
*Percentage Daily Intake per serving. Percentage Daily Intakes are based on an average adult diet of 8700 kJ. Your daily intakes may be higher or lower depending on your energy needs.
Disclaimer:
Product details, including nutritional information and country of origin, may change from time to time and so the product you receive in your order may not reflect the information on this page. Please check the packaging on any product you purchase and if it's not what you expected, feel free to return it for a full refund.
Details
Ingredients:
Filtered Water, Skim Milk Powder, Soy Protein, Cane Sugar, Maltodextrin (Wheat, Corn), Milk Protein Concentrate, Vegetable Oils (Sunflower, Canola), Fructose, Cocoa (0.5%), Vegetable Fibre, Acidity Regulator (332), Flavour, Vegetable Gums (460, 466, 407), Mineral (Calcium), Stabiliser (452), Salt, Vitamins (C, Niacin, A, B12, B6, B2, B1, Folate).
Contains:
Milk, Soy and Wheat.
Allergen:
Contains Gluten, Contains Soy, Contains Wheat, Contains Milk
Dietary:
High in Fibre, Low GI, Source of Dietary Fibre
Servings Per Pack:
1.0
Size:
6x250mL
Warning:
Formulated Supplementary Food. UP&GO Protein Energize is intended to supplement a diet which may be low in energy or vitamins and minerals. Not suitable as a complete milk food for children under 2 years.
Code: 8951924P
8 9 5 1 9 2 4 P
Customers also purchased
Sanitarium Up&Go Energize Coffee 6x250mL 1.5L
Sanitarium Up&Go Energize Coffee 6x250mL
1.5L
$10.50
1.5L $7.00 per 1L
Unit Price
Add
1
for $10.50

Sanitarium Up&Go Strawberry Cereal 6X250mL 1.5L
Sanitarium Up&Go Strawberry Cereal 6X250mL
1.5L
$10.50
1.5L $7.00 per 1L
Unit Price
Add
1
for $10.50

Sanitarium Up&Go Choc Ice Cereal 6X250mL 1.5L
Sanitarium Up&Go Choc Ice Cereal 6X250mL
1.5L
$10.50
1.5L $7.00 per 1L
Unit Price
Add
1
for $10.50

Sanitarium Up&Go Energize Vanilla 6x250mL 1.5L
Sanitarium Up&Go Energize Vanilla 6x250mL
1.5L
$10.50
1.5L $7.00 per 1L
Unit Price
Add
1
for $10.50"	['/wcsstore/Coles-CAS/images/8/9/5/8951924-th.jpg', '/wcsstore/Coles-CAS/images/8/9/5/8951924_L-th.jpg', '/wcsstore/Coles-CAS/images/8/9/5/8951924_R-th.jpg', '/wcsstore/Coles-CAS/images/8/9/5/8951924_B-th.jpg']
Sanitarium	Up And Go Vanilla Ice Cereal 3x250mL	$ 5 .60	750mL	$7.47 per 1L	"Nutrition Facts
Serving size: 1 serving = 250mL
Qty
Quantity
per serving Qty
Quantity
per 100g / 100ml %
Percentage
daily intake*
Energy 815kJ 326kJ
Not provided
Energy Cal 195Cal 78Cal
Not provided
Protein 8.3g 3.3g
Not provided
Total Fat 4.3g 1.7g
Not provided
Saturated Fat 0.6g 0.2g
Not provided
Carbohydrate 28.4g 11.3g
Not provided
Sugars 15.8g 6.3g
Not provided
Dietary Fibre Total 4.0g 1.6g
Not provided
Sodium 158mg 63mg
Not provided
Potassium 450mg 180mg
Not provided
Vitamin A 128ug (17%*) 51ug
Not provided
Vitamin B1 0.28mg (25%*) 0.11mg
Not provided
Vitamin B2 0.43mg (25%*) 0.17mg
Not provided
Vitamin B3 2.5mg (25%*) 1.0mg
Not provided
Vitamin B12 0.5ug (25%*) 0.2ug
Not provided
Vitamin C 10mg (25%*) 4mg
Not provided
Calcium 300mg (38%*) 120mg
Not provided
Vitamin B6 0.5mg (31%*) 0.2mg
Not provided
*Percentage Daily Intake per serving. Percentage Daily Intakes are based on an average adult diet of 8700 kJ. Your daily intakes may be higher or lower depending on your energy needs.
Disclaimer:
Product details, including nutritional information and country of origin, may change from time to time and so the product you receive in your order may not reflect the information on this page. Please check the packaging on any product you purchase and if it's not what you expected, feel free to return it for a full refund.
Details
Ingredients:
Filtered Water, Skim Milk Powder, Maltodextrin (Wheat, Corn), Cane Sugar, Vegetable Fibre, Soy Protein, Vegetable Oils (Sunflower, Canola) Fructose, Oat Flour, Acidity Regulator (332), Flavours, Mineral (Calcium), Vegetable Gums (460, 466, 401), Stabiliser (452), Vitamins (C, Niacin, Al B12, B6, B2, B1, Folate), Salt.
Contains:
Wheat, milk, soy and cereals containing gluten.
Allergen:
Contains Soy, Contains Wheat, Contains Milk, Contains Oats, Contains Cereals Containing Gluten
Dietary:
High in Fibre, Low GI
Servings Per Pack:
1.0
Usage Instructions:
Great chilled! Shake me!
Size:
3 x 250mL
Code: 9526425P
9 5 2 6 4 2 5 P
Customers also purchased
Sanitarium Up&Go Liquid Breakfast Chocolate Ice 3X250mL 750mL
Sanitarium Up&Go Liquid Breakfast Chocolate Ice 3X250mL
750mL
$5.60
750mL $7.47 per 1L
Unit Price
Add
1
for $5.60

Sanitarium Up And Go Banana Cereal 3x250mL 750mL
Sanitarium Up And Go Banana Cereal 3x250mL
750mL
$5.60
750mL $7.47 per 1L
Unit Price
Add
1
for $5.60

Sanitarium Up And Go Strawberry Cereal 3x250mL 750mL
Sanitarium Up And Go Strawberry Cereal 3x250mL
750mL
$5.60
750mL $7.47 per 1L
Unit Price
Add
1
for $5.60

Sanitarium Up&Go Energize Chocolate Ice 3X250mL 750mL
Sanitarium Up&Go Energize Chocolate Ice 3X250mL
750mL
$5.60
750mL $7.47 per 1L
Unit Price
Add
1
for $5.60"	['/wcsstore/Coles-CAS/images/9/5/2/9526425-th.jpg', '/wcsstore/Coles-CAS/images/9/5/2/9526425_L-th.jpg', '/wcsstore/Coles-CAS/images/9/5/2/9526425_R-th.jpg', '/wcsstore/Coles-CAS/images/9/5/2/9526425_B-th.jpg']
Sanitarium	Up&Go Dairy Free Choc 3x250mL	$ 5 .60	750mL	$7.47 per 1L	"Nutrition Facts
Serving size: 1 serving = 250mL
Qty
Quantity
per serving Qty
Quantity
per 100g / 100ml %
Percentage
daily intake*
Energy 735kJ 294kJ
Not provided
Energy Cal 176Cal 70Cal
Not provided
Protein 8.8g 3.5g
Not provided
Total Fat 4.1g 1.7g
Not provided
Saturated Fat 0.6g 0.2g
Not provided
Carbohydrate 23.6g 9.4g
Not provided
Sugars 12.0g 4.8g
Not provided
Dietary Fibre Total 4.0g 1.6g
Not provided
Sodium 145mg 58mg
Not provided
Gluten Not detected Not detected
Not provided
Potassium 360mg 144mg
Not provided
Vitamin A 128ug (17%)* 51ug
Not provided
Vitamin B1 0.28mg (25%)* 0.11mg
Not provided
Vitamin B2 0.43mg (25%)* 0.17mg
Not provided
Vitamin B3 2.5mg (25%)* 1.0mg
Not provided
Vitamin B12 0.5mg (25%)* 0.2mg
Not provided
Vitamin C 10mg (25%)* 4mg
Not provided
Calcium 300mg (38%)* 120mg
Not provided
Vitamin B6 0.5mg (31%)* 0.2mg
Not provided
*Percentage Daily Intake per serving. Percentage Daily Intakes are based on an average adult diet of 8700 kJ. Your daily intakes may be higher or lower depending on your energy needs.
Disclaimer:
Product details, including nutritional information and country of origin, may change from time to time and so the product you receive in your order may not reflect the information on this page. Please check the packaging on any product you purchase and if it's not what you expected, feel free to return it for a full refund.
Details
Ingredients:
Water, Soy Protein, Corn Maltodextrin, Cane Sugar, Plant Fibre, Vegetable Oils (Sunflower, Canola), Fructose, Cocoa (0.5%), Brown Rice Flour, Flavours, Mineral (Calcium), Acidity Regulator (Potassium Citrate), Vegetable Gums (460, 466, 407), Stabiliser (452), Vitamins (C, Niacin, A, B12, B6, B2, B1, Folate), Salt.
Contains:
Soy
Allergen:
Contains Soy
Dietary:
High in Fibre
Servings Per Pack:
1.0
Storage Instructions:
Great chilled!
Suitable for:
Vegan friendly.
Usage Instructions:
Shake me! Enjoy your UP&GO.
Size:
3 x 250mL
Warning:
Not suitable as a complete milk food for children under 2 years. UP&GO is intended to supplement a diet which may be low in energy or vitamins and minerals.
Code: 3898416P
3 8 9 8 4 1 6 P"	['/wcsstore/Coles-CAS/images/3/8/9/3898416-th.jpg', '/wcsstore/Coles-CAS/images/3/8/9/3898416_L-th.jpg', '/wcsstore/Coles-CAS/images/3/8/9/3898416_R-th.jpg', '/wcsstore/Coles-CAS/images/3/8/9/3898416_B-th.jpg']
Sanitarium	Up&Go Liquid Breakfast Caramel Fridge Pack 12X250mL	$ 15 .80	3L	$5.27 per 1L	"Nutrition Facts
Serving size: 1 serving = 250mL
Qty
Quantity
per serving Qty
Quantity
per 100g / 100ml %
Percentage
daily intake*
Energy 833kJ 333mL
Not provided
Energy Cal 199Cal 80Cal
Not provided
Protein 8.5g 3.4g
Not provided
Total Fat 4.6g 1.8g
Not provided
Saturated Fat 0.6g 0.2g
Not provided
Carbohydrate 28.7g 11.5g
Not provided
Sugars 15.8g 6.3g
Not provided
Dietary Fibre Total 4.0g 1.6g
Not provided
Sodium 160mg 64mg
Not provided
Potassium 455mg 182mg
Not provided
Vitamin A 128ug (17%*) 51ug
Not provided
Vitamin B1 0.28mg (25%*) 0.11%
Not provided
Vitamin B2 0.43mg (25%*) 0.17mg
Not provided
Vitamin B3 2.5mg (25%*) 1.0mg
Not provided
Vitamin B12 0.5ug (25%*) 0.2ug
Not provided
Vitamin C 10mg (25%*) 4mg
Not provided
Calcium 300mg (38%*) 120mg
Not provided
Vitamin B6 0.5mg (31%*) 0.2mg
Not provided
*Percentage Daily Intake per serving. Percentage Daily Intakes are based on an average adult diet of 8700 kJ. Your daily intakes may be higher or lower depending on your energy needs.
Disclaimer:
Product details, including nutritional information and country of origin, may change from time to time and so the product you receive in your order may not reflect the information on this page. Please check the packaging on any product you purchase and if it's not what you expected, feel free to return it for a full refund.
Details
Ingredients:
Filtered Water, Skim Milk Powder, Maltodextrin (Wheat, Corn), Vegetable Fibre, Cane Sugar, Soy Protein, Vegetable Oils (Sunflower, Canola), Fructose, Oat Flour, Flavour, Acidity Regulator (332), Mineral (Calcium), Vegetable Gums (460, 466, 407), Colour [Caramel (I)], Stabiliser (452), Vitamins (C, Niacin, Al B12, B6, B2, B1, Folate), Salt.
Contains:
Milk, soy and cereals containing gluten.
Allergen:
Contains Soy, Contains Wheat, Contains Milk, Contains Oats, Contains Cereals Containing Gluten
Dietary:
High in Fibre, Low GI
Servings Per Pack:
12.0
Storage Instructions:
For convenience place entire box into your refrigerator.
Size:
12 x 250mL
Code: 2002244P
2 0 0 2 2 4 4 P
Customers also purchased
Sanitarium Up&Go Liquid Breakfast Chocolate Ice Fridge Pack 12X250mL 3L
Sanitarium Up&Go Liquid Breakfast Chocolate Ice Fridge Pack 12X250mL
3L
$15.80
Until 02 May 2023
3L $5.27 per 1L
Unit Price
Add
1
for $15.80

Sanitarium Up&Go Liquid Breakfast Vanilla Ice Fridge Pack 12X250mL 3L
Sanitarium Up&Go Liquid Breakfast Vanilla Ice Fridge Pack 12X250mL
3L
$15.80
Until 02 May 2023
3L $5.27 per 1L
Unit Price
Add
1
for $15.80

Sanitarium Up&Go Liquid Breakfast Banana Fridge Pack 12X250mL 3L
Sanitarium Up&Go Liquid Breakfast Banana Fridge Pack 12X250mL
3L
$15.80
Until 02 May 2023
3L $5.27 per 1L
Unit Price
Add
1
for $15.80

Sanitarium Up&Go Liquid Breakfast Strawberry Fridge Pack 12X250mL 3L
Sanitarium Up&Go Liquid Breakfast Strawberry Fridge Pack 12X250mL
3L
$15.80
Until 02 May 2023
3L $5.27 per 1L
Unit Price
Add
1
for $15.80"	['/wcsstore/Coles-CAS/images/2/0/0/2002244-th.jpg', '/wcsstore/Coles-CAS/images/2/0/0/2002244_L-th.jpg', '/wcsstore/Coles-CAS/images/2/0/0/2002244_R-th.jpg', '/wcsstore/Coles-CAS/images/2/0/0/2002244_B-th.jpg']
Sanitarium	Up&Go Energize Coffee 6x250mL	$ 10 .50	1.5L	$7.00 per 1L	"Nutrition Facts
Serving size: 1 serving = 250mL
Qty
Quantity
per serving Qty
Quantity
per 100g / 100ml %
Percentage
daily intake*
Energy 900kJ 360mL
Not provided
Energy Cal 215Cal 86Cal
Not provided
Protein 17.1g 6.8g
Not provided
Total Fat 4.5g 1.8g
Not provided
Saturated Fat 0.6 0.3
Not provided
Carbohydrate 24.9g 10.0g
Not provided
Sugars 16.0g 6.4g
Not provided
Dietary Fibre Total 2.4g 1.0g
Not provided
Sodium 483mg 193mg
Not provided
Vitamin A 128ug 51ug (17%)*
Vitamin B1 0.28mg 0.11mg (25%)*
Vitamin B2 0.43mg 0.17mg (25%)*
Vitamin B3 2.5mg 1.0mg (25%)*
Vitamin B12 0.5ug 0.2mg (25%)*
Vitamin C 10mg 4mg (25%)*
Calcium 300mg 120mg (38%)*
Vitamin B6 0.5mg 0.2mg (31%)*
*Percentage Daily Intake per serving. Percentage Daily Intakes are based on an average adult diet of 8700 kJ. Your daily intakes may be higher or lower depending on your energy needs.
Disclaimer:
Product details, including nutritional information and country of origin, may change from time to time and so the product you receive in your order may not reflect the information on this page. Please check the packaging on any product you purchase and if it's not what you expected, feel free to return it for a full refund.
Details
Ingredients:
Filtered water, skim milk powder, soy protein, wheat maltodextrin, cane sugar, milk protein concentrate, vegetable oils (sunflower, canola), fructose, flavour, vegetable fibre, acidity regulator (332), vegetable gums (460, 466, 407), decaffeinated coffee powder (0.1%), mineral (calcium), stabiliser (452), vitamins (C, niacin, A, B12, B6, B2.B1, folate), salt.
Contains:
Milk, Soy & Cereals containing Gluten (Wheat).
Allergen:
Contains Soy, Contains Wheat, Contains Milk, Contains Cereals Containing Gluten
Servings Per Pack:
1.0
Size:
6 x 250mL
Warning:
Not suitable as a complete milk food for children under 2 years.
Code: 1171869P
1 1 7 1 8 6 9 P"	['/wcsstore/Coles-CAS/images/1/1/7/1171869-th.jpg', '/wcsstore/Coles-CAS/images/1/1/7/1171869_L-th.jpg', '/wcsstore/Coles-CAS/images/1/1/7/1171869_R-th.jpg', '/wcsstore/Coles-CAS/images/1/1/7/1171869_B-th.jpg']
Sanitarium	Up&Go Liquid Breakfast Vanilla No Added Sugar Fridge Pack 12X250mL	$ 15 .80	3L	$5.27 per 1L	"Nutrition Facts
Serving size: 1 serving = 250mL
Qty
Quantity
per serving Qty
Quantity
per 100g / 100ml %
Percentage
daily intake*
Energy 573kJ 229kJ
Not provided
Energy Cal 137Cal 55Cal
Not provided
Protein 8.1g 3.3g
Not provided
Total Fat 3.7g 1.5g
Not provided
Saturated Fat 0.6g 0.2g
Not provided
Trans 0 0
Not provided
Polyunsaturated 0 0
Not provided
Mono Unsaturated 0 0
Not provided
Carbohydrate 15.5g 6.2g
Not provided
Sugars 10.5g 4.2g
Not provided
Dietary Fibre Total 4.0g 1.6g
Not provided
Sodium 171mg 69mg
Not provided
Lactose 10.1g 4.0g
Not provided
Potassium 644mg 258mg
Not provided
Vitamin A 128ug (17%)* 51ug
Not provided
Vitamin B1 0.28mg (25%)* 0.11mg
Not provided
Vitamin B2 0.43mg (25%)* 0.17mg
Not provided
Vitamin B3 2.5mg (25%)* 1.0mg
Not provided
Vitamin B12 0.5ug (25%)* 0.2ug
Not provided
Vitamin C 10mg (25%)* 4mg
Not provided
Calcium 300mg (38%)* 120mg
Not provided
Vitamin B6 0.5mg (31%)* 0.2mg
Not provided
*Percentage Daily Intake per serving. Percentage Daily Intakes are based on an average adult diet of 8700 kJ. Your daily intakes may be higher or lower depending on your energy needs.
Disclaimer:
Product details, including nutritional information and country of origin, may change from time to time and so the product you receive in your order may not reflect the information on this page. Please check the packaging on any product you purchase and if it's not what you expected, feel free to return it for a full refund.
Details
Ingredients:
Filtered water, skim milk powder (8%), cereal flour (brown rice, oat), sweeteners (erythritol, steviol glycosides), vegetable fibre, vegetable oils (sunflower, canola), flavour, soy protein, acidity regulator (332), vegetable gums (460, 418, 407, 466), mineral (calcium), stabiliser (452), vitamins (C, niacin, A, B12, B6, B2, B1, folate), salt, flaxseed fibre.
Contains:
Milk, Soy and Cereals containing Gluten.
Allergen:
Contains Soy, Contains Milk, Contains Oats, Contains Cereals Containing Gluten
Dietary:
No Added Sugars, Low GI
Servings Per Pack:
12.0
Storage Instructions:
For convenience place entire box into your refrigerator.
Size:
12 x 250mL
Code: 3723503P
3 7 2 3 5 0 3 P
Customers also purchased
Sanitarium Up&Go Liquid Breakfast Protein Energize Choc Fridge Pack 12X250mL 3L
Sanitarium Up&Go Liquid Breakfast Protein Energize Choc Fridge Pack 12X250mL
3L
$15.80
Until 02 May 2023
3L $5.27 per 1L
Unit Price
Add
1
for $15.80

Sanitarium Up&Go Liquid Breakfast Caramel Fridge Pack 12X250mL 3L
Sanitarium Up&Go Liquid Breakfast Caramel Fridge Pack 12X250mL
3L
$15.80
Until 02 May 2023
3L $5.27 per 1L
Unit Price
Add
1
for $15.80

Sanitarium Up&Go Liquid Breakfast Choc Ice No Added Sugar Fridge Pack 12X250mL 3L
Sanitarium Up&Go Liquid Breakfast Choc Ice No Added Sugar Fridge Pack 12X250mL
3L
$15.80
Until 02 May 2023
3L $5.27 per 1L
Unit Price
Add
1
for $15.80

Sanitarium Up&Go Liquid Breakfast Fridge Pack Dairy Free Vanilla 12X250mL 3L
Sanitarium Up&Go Liquid Breakfast Fridge Pack Dairy Free Vanilla 12X250mL
3L
$15.80
Until 02 May 2023
3L $5.27 per 1L
Unit Price
Add
1
for $15.80"	['/wcsstore/Coles-CAS/images/3/7/2/3723503-th.jpg', '/wcsstore/Coles-CAS/images/3/7/2/3723503_L-th.jpg', '/wcsstore/Coles-CAS/images/3/7/2/3723503_R-th.jpg', '/wcsstore/Coles-CAS/images/3/7/2/3723503_B-th.jpg']
Sanitarium	Up&Go Liquid Breakfast Fridge Pack Dairy Free Vanilla 12X250mL	$ 15 .80	3L	$5.27 per 1L	"Nutrition Facts
Serving size: 1 serving = 250mL
Qty
Quantity
per serving Qty
Quantity
per 100g / 100ml %
Percentage
daily intake*
Energy 730kJ 292kJ
Not provided
Energy Cal 175Cal 70Cal
Not provided
Protein 8.7g 3.5g
Not provided
Total Fat 4.4g 1.8g
Not provided
Saturated Fat 0.5g 0.2g
Not provided
Carbohydrate 22.6g 9.0g
Not provided
Sugars 11.4g 4.5g
Not provided
Dietary Fibre Total 4.0g 1.6g
Not provided
Sodium 148mg 59mg
Not provided
Gluten Not detected Not detected
Not provided
Potassium 284mg 114mg
Not provided
Vitamin A 128ug (17%)* 51ug
Not provided
Vitamin B1 0.28mg (25%)* 0.11mg
Not provided
Vitamin B2 0.43mg (25%)* 0.17mg
Not provided
Vitamin B3 2.5mg (25%)* 1.0mg
Not provided
Vitamin B12 0.5ug (25%)* 0.2ug
Not provided
Vitamin C 10mg (25%)* 4mg
Not provided
Calcium 300mg (38%)* 120mg
Not provided
Vitamin B6 0.5mg (31%)* 0.2mg
Not provided
*Percentage Daily Intake per serving. Percentage Daily Intakes are based on an average adult diet of 8700 kJ. Your daily intakes may be higher or lower depending on your energy needs.
Disclaimer:
Product details, including nutritional information and country of origin, may change from time to time and so the product you receive in your order may not reflect the information on this page. Please check the packaging on any product you purchase and if it's not what you expected, feel free to return it for a full refund.
Details
Ingredients:
Water, Soy Protein, Corn Maltodextrin, Cane Sugar, Plant Fibre, Vegetable Oils (Sunflower, Canola), Brown Rice Flour, Fructose, Mineral (Calcium), Acidity Regulator (Potassium Citrate), Flavour, Vegetable Gums (460, 466, 407), Stabiliser (452), Vitamins (C, Niacin, A, B12, B6, B2, B1, Folate), Salt.
Contains:
Soy
Allergen:
Contains Soy
Dietary:
High in Fibre
Servings Per Pack:
12.0
Storage Instructions:
Store in a cool, dry place until ready to store in fridge.
Suitable for:
Vegan friendly, Dairy and Gluten Free.
Usage Instructions:
Shake me! Enjoy your UP&GO.
Size:
12 x 250mL
Warning:
Not suitable as a complete milk food for children under 2 years. UP&GO is intended to supplement a diet which may be low in energy or vitamins and minerals.
Code: 4862505P
4 8 6 2 5 0 5 P
Customers also purchased
Sanitarium Up&Go Liquid Breakfast Vanilla Ice Fridge Pack 12X250mL 3L
Sanitarium Up&Go Liquid Breakfast Vanilla Ice Fridge Pack 12X250mL
3L
$15.80
Until 02 May 2023
3L $5.27 per 1L
Unit Price
Add
1
for $15.80

Sanitarium Up&Go Dairy Free Choc 3x250mL 750mL
Sanitarium Up&Go Dairy Free Choc 3x250mL
750mL
$5.60
750mL $7.47 per 1L
Unit Price
Add
1
for $5.60

Sanitarium Up&Go Dairy Free Vanilla 3x250mL 750mL
Sanitarium Up&Go Dairy Free Vanilla 3x250mL
750mL
$5.60
750mL $7.47 per 1L
Unit Price
Add
1
for $5.60

Sanitarium Up&Go Liquid Breakfast Fridge Pack Dairy Free Choc 12X250mL 3L
Sanitarium Up&Go Liquid Breakfast Fridge Pack Dairy Free Choc 12X250mL
3L
$15.80
Until 02 May 2023
3L $5.27 per 1L
Unit Price
Add
1
for $15.80"	['/wcsstore/Coles-CAS/images/4/8/6/4862505-th.jpg', '/wcsstore/Coles-CAS/images/4/8/6/4862505_L-th.jpg', '/wcsstore/Coles-CAS/images/4/8/6/4862505_R-th.jpg', '/wcsstore/Coles-CAS/images/4/8/6/4862505_B-th.jpg']
Sanitarium	Up And Go Banana Cereal 3x250mL	$ 5 .60	750mL	$7.47 per 1L	"Nutrition Facts
Serving size: 1 serving = 250mL
Qty
Quantity
per serving Qty
Quantity
per 100g / 100ml %
Percentage
daily intake*
Energy 823kJ 329kJ
Not provided
Energy Cal 197Cal 79Cal
Not provided
Protein 8.3g 3.3g
Not provided
Total Fat 4.5g 1.8g
Not provided
Saturated Fat 0.6g 0.2g
Not provided
Carbohydrate 28.4g 11.4g
Not provided
Sugars 15.8g 6.3g
Not provided
Dietary Fibre Total 4.0g 1.6g
Not provided
Sodium 159mg 63mg
Not provided
Potassium 451mg 180mg
Not provided
Vitamin A 128ug (17%)* 51ug
Not provided
Vitamin B1 0.28mg (25%)* 0.11mg
Not provided
Vitamin B2 0.43mg (25%)* 0.17mg
Not provided
Vitamin B3 2.5mg (25%)* 1.0mg
Not provided
Vitamin B12 0.5ug (25%)* 0.2ug
Not provided
Vitamin C 10mg (25%)* 4mg
Not provided
Calcium 300mg (38%)* 120mg
Not provided
Vitamin B6 0.5mg (31%)* 0.2mg
Not provided
*Percentage Daily Intake per serving. Percentage Daily Intakes are based on an average adult diet of 8700 kJ. Your daily intakes may be higher or lower depending on your energy needs.
Disclaimer:
Product details, including nutritional information and country of origin, may change from time to time and so the product you receive in your order may not reflect the information on this page. Please check the packaging on any product you purchase and if it's not what you expected, feel free to return it for a full refund.
Details
Ingredients:
Filtered Water, Skim Milk Powder Maltodextrin (Wheat, Corn) Cane Sugar, Vegetable Fibre, Soy Protein, Vegetable Oils (Sunflower, Canola), Fructose, Oat Flour, Flavour, Acidity Regulator (332), Mineral (Calcium), Vegetable Gums (460, 466, 407), Stabiliser (452), Vitamins (C, Niacin, Al B12, B6, B2, B1, Folate), Salt.
Contains:
Wheat, milk, soy and cereals containing gluten.
Allergen:
Contains Soy, Contains Wheat, Contains Milk, Contains Oats, Contains Cereals Containing Gluten
Dietary:
High in Fibre, Low GI
Servings Per Pack:
1.0
Usage Instructions:
Great chilled! Shake me!
Size:
3 x 250mL
Code: 7144530P
7 1 4 4 5 3 0 P
Customers also purchased
Sanitarium Up&Go Liquid Breakfast Chocolate Ice 3X250mL 750mL
Sanitarium Up&Go Liquid Breakfast Chocolate Ice 3X250mL
750mL
$5.60
750mL $7.47 per 1L
Unit Price
Add
1
for $5.60

Sanitarium Up And Go Strawberry Cereal 3x250mL 750mL
Sanitarium Up And Go Strawberry Cereal 3x250mL
750mL
$5.60
750mL $7.47 per 1L
Unit Price
Add
1
for $5.60

Sanitarium Up&Go Energize Chocolate Ice 3X250mL 750mL
Sanitarium Up&Go Energize Chocolate Ice 3X250mL
750mL
$5.60
750mL $7.47 per 1L
Unit Price
Add
1
for $5.60

Sanitarium Up And Go Vanilla Ice Cereal 3x250mL 750mL
Sanitarium Up And Go Vanilla Ice Cereal 3x250mL
750mL
$5.60
750mL $7.47 per 1L
Unit Price
Add
1
for $5.60"	['/wcsstore/Coles-CAS/images/7/1/4/7144530-th.jpg', '/wcsstore/Coles-CAS/images/7/1/4/7144530_L-th.jpg', '/wcsstore/Coles-CAS/images/7/1/4/7144530_R-th.jpg', '/wcsstore/Coles-CAS/images/7/1/4/7144530_B-th.jpg']
Sanitarium	Up&Go Dairy Free Vanilla 3x250mL	$ 5 .60	750mL	$7.47 per 1L	"Nutrition Facts
Serving size: 1 serving = 250mL
Qty
Quantity
per serving Qty
Quantity
per 100g / 100ml %
Percentage
daily intake*
Energy 730kJ 292kJ
Not provided
Energy Cal 175Cal 70Cal
Not provided
Protein 8.7g 3.5g
Not provided
Total Fat 4.4g 1.8g
Not provided
Saturated Fat 0.5g 0.2g
Not provided
Carbohydrate 22.6g 9.0g
Not provided
Sugars 11.4g 4.5g
Not provided
Dietary Fibre Total 4.0g 1.6g
Not provided
Sodium 148mg 59mg
Not provided
Gluten Not detected Not detected
Not provided
Potassium 284mg 114mg
Not provided
Vitamin A 128ug (17%)* 51ug
Not provided
Vitamin B1 0.28mg (28%)* 0.11mg
Not provided
Vitamin B2 0.43mg (25%)* 0.17mg
Not provided
Vitamin B3 2.5mg (25%)* 1.0mg
Not provided
Vitamin B12 0.5mg (25%)* 0.2mg
Not provided
Vitamin C 10mg (25%)* 4mg
Not provided
Calcium 300mg (38%)* 120mg
Not provided
Vitamin B6 0.5mg (31%)* 0.2mg
Not provided
*Percentage Daily Intake per serving. Percentage Daily Intakes are based on an average adult diet of 8700 kJ. Your daily intakes may be higher or lower depending on your energy needs.
Disclaimer:
Product details, including nutritional information and country of origin, may change from time to time and so the product you receive in your order may not reflect the information on this page. Please check the packaging on any product you purchase and if it's not what you expected, feel free to return it for a full refund.
Details
Ingredients:
Water, Soy Protein, Corn Maltodextrin, Cane Sugar, Plant Fibre, Vegetable Oils (Sunflower, Canola), Brown Rice Flour, Fructose, Mineral (Calcium), Acidity Regulator (Potassium Citrate), Flavour, Vegetable Gums (460, 466, 407), Stabiliser (452), Vitamins (C, Niacin, A, B12, B6, B2, B1, Folate), Salt.
Contains:
Soy
Allergen:
Contains Soy
Dietary:
High in Fibre, Low GI
Servings Per Pack:
1.0
Storage Instructions:
Great chilled!
Suitable for:
Vegan friendly.
Usage Instructions:
Shake me! Enjoy your UP&GO.
Size:
3 x 250mL
Warning:
Not suitable as a complete milk food for children under 2 years. UP&GO is intended to supplement a diet which may be low in energy or vitamins and minerals.
Code: 3898450P
3 8 9 8 4 5 0 P
Customers also purchased
Sanitarium Up And Go Vanilla Ice Cereal 3x250mL 750mL
Sanitarium Up And Go Vanilla Ice Cereal 3x250mL
750mL
$5.60
750mL $7.47 per 1L
Unit Price
Add
1
for $5.60

Sanitarium Up&Go Dairy Free Choc 3x250mL 750mL
Sanitarium Up&Go Dairy Free Choc 3x250mL
750mL
$5.60
750mL $7.47 per 1L
Unit Price
Add
1
for $5.60

Sanitarium Up&Go Liquid Breakfast Fridge Pack Dairy Free Choc 12X250mL 3L
Sanitarium Up&Go Liquid Breakfast Fridge Pack Dairy Free Choc 12X250mL
3L
$15.80
Until 02 May 2023
3L $5.27 per 1L
Unit Price
Add
1
for $15.80"	['/wcsstore/Coles-CAS/images/3/8/9/3898450-th.jpg', '/wcsstore/Coles-CAS/images/3/8/9/3898450_L-th.jpg', '/wcsstore/Coles-CAS/images/3/8/9/3898450_R-th.jpg', '/wcsstore/Coles-CAS/images/3/8/9/3898450_B-th.jpg']
Sanitarium	Up&Go Energize Vanilla 6x250mL	$ 10 .50	1.5L	$7.00 per 1L	"Nutrition Facts
Serving size: 1 serving = 250mL
Qty
Quantity
per serving Qty
Quantity
per 100g / 100ml %
Percentage
daily intake*
Energy 892kJ 357kJ
Not provided
Energy Cal 213Cal 85Cal
Not provided
Protein 17.7g 7.1g
Not provided
Total Fat 4.5g 1.8g
Not provided
Saturated Fat 0.7g 0.3g
Not provided
Carbohydrate 24.0g 9.6g
Not provided
Sugars 15.5g 6.2g
Not provided
Dietary Fibre Total 2.2g 0.9g
Not provided
Sodium 225mg 90mg
Not provided
Potassium 500mg 200mg
Not provided
Vitamin A 103ug 41ug (14%)*
Vitamin B1 0.28mg 0.11mg (25%)*
Vitamin B2 0.43mg 0.17mg (25%)*
Vitamin B3 2.5mg 1.0mg (25%)*
Vitamin B12 0.4ug 0.16ug (20%)*
Vitamin C 10mg 4mg (25%)*
Vitamin D 2ug 0.8ug (20%)*
Calcium 300mg 120mg (38%)*
Vitamin B6 0.25mg 0.1mg (16%)*
*Percentage Daily Intake per serving. Percentage Daily Intakes are based on an average adult diet of 8700 kJ. Your daily intakes may be higher or lower depending on your energy needs.
Disclaimer:
Product details, including nutritional information and country of origin, may change from time to time and so the product you receive in your order may not reflect the information on this page. Please check the packaging on any product you purchase and if it's not what you expected, feel free to return it for a full refund.
Details
Ingredients:
Filtered Water, Skim Milk Powder, Soy Protein, Cane Sugar, Maltodextrin (Wheat, Corn), Milk Protein Concentrate, Vegetable Oils (Sunflower, Canola), Fructose, Vegetable Fibre, Acidity Regulator (332), Flavour, Vegetable Gums (460, 466, 407), Mineral (Calcium), Stabiliser (452), Salt, Vitamins (C, Niacin, A, 812, B6, B2, B1, Folate).
Contains:
Milk, Soy and Wheat
Allergen:
Contains Gluten, Contains Soy, Contains Wheat, Contains Milk, Contains Cereals
Dietary:
High in Fibre, Low GI
Servings Per Pack:
1.0
Storage Instructions:
Great chilled!
Size:
6 x 250mL
Warning:
Formulated Supplementary Food. UP&GO Protein Energize is intended to supplement a diet which may be low in energy or vitamins and minerals. Not suitable as a complete milk food for children under 2 years.
Preparation Instructions:
Shake me!
Code: 1171870P
1 1 7 1 8 7 0 P
Customers also purchased
Sanitarium Up&Go Energize Coffee 6x250mL 1.5L
Sanitarium Up&Go Energize Coffee 6x250mL
1.5L
$10.50
1.5L $7.00 per 1L
Unit Price
Add
1
for $10.50

Sanitarium Up&Go Strawberry Cereal 6X250mL 1.5L
Sanitarium Up&Go Strawberry Cereal 6X250mL
1.5L
$10.50
1.5L $7.00 per 1L
Unit Price
Add
1
for $10.50

Sanitarium Up&Go Energize Choc 6X250mL 1.5L
Sanitarium Up&Go Energize Choc 6X250mL
1.5L
$10.50
1.5L $7.00 per 1L
Unit Price
Add
1
for $10.50

Sanitarium Up&Go Protein Energize Liquid Breakfast Vanilla 12X250mL 3L
Sanitarium Up&Go Protein Energize Liquid Breakfast Vanilla 12X250mL
3L
$15.80
Until 02 May 2023
3L $5.27 per 1L
Unit Price
Add
1
for $15.80"	['/wcsstore/Coles-CAS/images/1/1/7/1171870-th.jpg', '/wcsstore/Coles-CAS/images/1/1/7/1171870_L-th.jpg', '/wcsstore/Coles-CAS/images/1/1/7/1171870_R-th.jpg', '/wcsstore/Coles-CAS/images/1/1/7/1171870_B-th.jpg']
Sanitarium	Up&Go Energize Chocolate Ice 3X250mL	$ 5 .60	750mL	$7.47 per 1L	"Nutrition Facts
Serving size: 1 serving = 250mL
Qty
Quantity
per serving Qty
Quantity
per 100g / 100ml %
Percentage
daily intake*
Energy 855kJ 342kJ
Not provided
Energy Cal 205Cal 82Cal
Not provided
Protein 17.9g 7.2g
Not provided
Total Fat 4.2g 1.7g
Not provided
Saturated Fat 0.7g 0.3g
Not provided
Carbohydrate 21.8g 8.7g
Not provided
Sugars 16.6g 6.6g
Not provided
Dietary Fibre Total 2.7g 1.1g
Not provided
Sodium 225mg 90mg
Not provided
Potassium 600mg 240mg
Not provided
Vitamin A 128ug (17%)* 51ug
Not provided
Vitamin B1 0.28mg (25%)* 0.11mg
Not provided
Vitamin B2 0.43mg (25%)* 0.17mg
Not provided
Vitamin B3 2.5mg (25%)* 1.0mg
Not provided
Vitamin B12 0.5ug (25%)* 0.2ug
Not provided
Vitamin C 10mg (25%)* 4mg
Not provided
Calcium 300mg (38%)* 120mg
Not provided
Vitamin B6 0.5mg (31%)* 0.2mg
Not provided
*Percentage Daily Intake per serving. Percentage Daily Intakes are based on an average adult diet of 8700 kJ. Your daily intakes may be higher or lower depending on your energy needs.
Disclaimer:
Product details, including nutritional information and country of origin, may change from time to time and so the product you receive in your order may not reflect the information on this page. Please check the packaging on any product you purchase and if it's not what you expected, feel free to return it for a full refund.
Details
Ingredients:
Filtered Water, Skim Milk Powder, Soy Protein, Cane Sugar, Vegetable Oils (Sunflower, Canola), Wheat Maltodextrin, Milk Protein Concentrate, Fructose, Vegetable Fibre, Cocoa (0.5%), Acidity Regulator (332), Vegetable Gums (460 466, 407), Flavour, Mineral (Calcium), Stabiliser (452), Vitamins (C, Niacin, A, B12, B6, B2, B1, Folate), Salt.
Contains:
Milk, soy and cereals containing gluten.
Allergen:
Contains Soy, Contains Milk, Contains Cereals Containing Gluten
Dietary:
High in Fibre, Low GI
Servings Per Pack:
1.0
Usage Instructions:
Great chilled! Shake me!
Size:
3 x 250mL
Code: 7813233P
7 8 1 3 2 3 3 P
Customers also purchased
Sanitarium Up&Go Liquid Breakfast Chocolate Ice 3X250mL 750mL
Sanitarium Up&Go Liquid Breakfast Chocolate Ice 3X250mL
750mL
$5.60
750mL $7.47 per 1L
Unit Price
Add
1
for $5.60

Sanitarium Up And Go Banana Cereal 3x250mL 750mL
Sanitarium Up And Go Banana Cereal 3x250mL
750mL
$5.60
750mL $7.47 per 1L
Unit Price
Add
1
for $5.60

Sanitarium Up And Go Strawberry Cereal 3x250mL 750mL
Sanitarium Up And Go Strawberry Cereal 3x250mL
750mL
$5.60
750mL $7.47 per 1L
Unit Price
Add
1
for $5.60

Sanitarium Up And Go Vanilla Ice Cereal 3x250mL 750mL
Sanitarium Up And Go Vanilla Ice Cereal 3x250mL
750mL
$5.60
750mL $7.47 per 1L
Unit Price
Add
1
for $5.60"	['/wcsstore/Coles-CAS/images/7/8/1/7813233-th.jpg', '/wcsstore/Coles-CAS/images/7/8/1/7813233_L-th.jpg', '/wcsstore/Coles-CAS/images/7/8/1/7813233_R-th.jpg', '/wcsstore/Coles-CAS/images/7/8/1/7813233_B-th.jpg']
Sanitarium	Up&Go Liquid Breakfast Vanilla Ice Cereal No Added Sugar 6X250mL	$ 10 .50	1.5L	$7.00 per 1L	"Nutrition Facts
Serving size: 1 serving = 250mL
Qty
Quantity
per serving Qty
Quantity
per 100g / 100ml %
Percentage
daily intake*
Energy 573kJ 229kJ
Not provided
Energy Cal 137Cal 55Cal
Not provided
Protein 8.1g 3.3g
Not provided
Total Fat 3.7g 1.5g
Not provided
Saturated Fat 0.6g 0.2g
Not provided
Carbohydrate 15.5g 6.2g
Not provided
Sugars 10.5g 4.2g
Not provided
Dietary Fibre Total 4.0g 1.6g
Not provided
Sodium 171mg 69mg
Not provided
Lactose 10.1g 4.0g
Not provided
Potassium 644mg 258mg
Not provided
Vitamin A 103ug 41ug 14%*
Vitamin B1 0.28mg 0.11mg 25%*
Vitamin B2 0.43mg 0.17mg 25%*
Vitamin B3 2.5mg 1.0mg 25%*
Vitamin B12 0.4ug 0.16ug 20%*
Vitamin C 10mg 4mg 25%*
Calcium 300mg 120mg 38%*
Vitamin B6 0.25mg 0.1mg 16%*
*Percentage Daily Intake per serving. Percentage Daily Intakes are based on an average adult diet of 8700 kJ. Your daily intakes may be higher or lower depending on your energy needs.
Disclaimer:
Product details, including nutritional information and country of origin, may change from time to time and so the product you receive in your order may not reflect the information on this page. Please check the packaging on any product you purchase and if it's not what you expected, feel free to return it for a full refund.
Details
Ingredients:
Filtered water, skim milk powder (8%), cereal flour (brown rice, oat), sweeteners (erythritol, steviol glycosides), vegetable oils (sunflower, canola), vegetable fibre, flavour, vegetable gums (460, 407, 466, 418), soy protein, flavours acidity regulator (332), mineral (calcium), stabiliser (452), vitamins (C, niacin, Al B12, B6, B2, B1, Folate), salt, flaxseed fibre.
Contains:
Contains milk, soy and cereals containing gluten.
Allergen:
Contains Gluten, May Be Present Wheat, Contains Soy, Contains Milk, Contains Oats, Contains Cereals
Dietary:
High in Fibre, No Added Sugars, Low GI
Servings Per Pack:
1.0
Usage Instructions:
Great Chilled! Shake Me!
Size:
250mL x 6 Pack
Warning:
Formulated Supplementary Food. UP&GO is intended to supplement a diet which may be low in energy or vitamins and minerals. Not suitable as a complete milk food for children under 2 years.
Code: 3723489P
3 7 2 3 4 8 9 P"	['/wcsstore/Coles-CAS/images/3/7/2/3723489-th.jpg', '/wcsstore/Coles-CAS/images/3/7/2/3723489_L-th.jpg', '/wcsstore/Coles-CAS/images/3/7/2/3723489_R-th.jpg', '/wcsstore/Coles-CAS/images/3/7/2/3723489_B-th.jpg']
Sanitarium	Up&Go Liquid Breakfast Choc Ice Cereal No Added Sugar 3X250mL	$ 5 .60	750mL	$7.47 per 1L	"Nutrition Facts
Serving size: 1 serving = 250mL
Qty
Quantity
per serving Qty
Quantity
per 100g / 100ml %
Percentage
daily intake*
Energy 578kJ 231kJ
Not provided
Energy Cal 138Cal 55Cal
Not provided
Protein 8.5g 3.4g
Not provided
Total Fat 3.7g 1.5g
Not provided
Saturated Fat 0.7g 0.3g
Not provided
Carbohydrate 15.4g 6.1g
Not provided
Sugars 10.5g 4.2g
Not provided
Dietary Fibre Total 4.0g 1.6g
Not provided
Sodium 174mg 70mg
Not provided
Lactose 10.1g 4.0g
Not provided
Potassium 639mg 256mg
Not provided
Vitamin A 103ug 41ug 14%*
Vitamin B1 0.28mg 0.11mg 25%*
Vitamin B2 0.43mg 0.17mg 25%*
Vitamin B3 2.5mg 1.0mg 25%*
Vitamin B12 0.4ug 0.16ug 20%*
Vitamin C 10mg 4mg 25%*
Calcium 300mg 120mg 38%*
Vitamin B6 0.25mg 0.1mg 16%*
*Percentage Daily Intake per serving. Percentage Daily Intakes are based on an average adult diet of 8700 kJ. Your daily intakes may be higher or lower depending on your energy needs.
Disclaimer:
Product details, including nutritional information and country of origin, may change from time to time and so the product you receive in your order may not reflect the information on this page. Please check the packaging on any product you purchase and if it's not what you expected, feel free to return it for a full refund.
Details
Ingredients:
Filtered water, skim milk powder (8%), cereal flour (brown rice, oat), sweeteners (erythritol, steviol glycosides), vegetable oils (sunflower, canola), vegetable fibre, cocoa powder (0.5%), vegetable gums (460, 407, 466, 418), soy protein, flavours acidity regulator (332), mineral (calcium), stabiliser (452), vitamins (C, niacin, Al B12, B6, B2, Bl, folate), salt, flaxseed fibre.
Contains:
Contains milk, soy and cereals containing gluten.
Allergen:
Contains Gluten, May Be Present Wheat, Contains Soy, Contains Milk, Contains Oats, Contains Cereals
Dietary:
High in Fibre, Low GI
Servings Per Pack:
1.0
Usage Instructions:
Great Chilled! Shake Me!
Size:
3 x 250mL
Warning:
Formulated Supplementary Food. UP&GO is intended to supplement a diet which may be low in energy or vitamins and minerals. Not suitable as a complete milk food for children under 2 years.
Code: 3723456P
3 7 2 3 4 5 6 P
Customers also purchased
Sanitarium Up And Go Strawberry Cereal 3x250mL 750mL
Sanitarium Up And Go Strawberry Cereal 3x250mL
750mL
$5.60
750mL $7.47 per 1L
Unit Price
Add
1
for $5.60

Sanitarium Up&Go Energize Choc 6X250mL 1.5L
Sanitarium Up&Go Energize Choc 6X250mL
1.5L
$10.50
1.5L $7.00 per 1L
Unit Price
Add
1
for $10.50

Sanitarium Up&Go Dairy Free Vanilla 3x250mL 750mL
Sanitarium Up&Go Dairy Free Vanilla 3x250mL
750mL
$5.60
750mL $7.47 per 1L
Unit Price
Add
1
for $5.60

Coles Bom Liquid Breakfast Coffee Flavoured 3x250mL 750mL
Coles Bom Liquid Breakfast Coffee Flavoured 3x250mL
750mL
$5.40
750mL $7.20 per 1L
Unit Price
Add
1
for $5.40"	['/wcsstore/Coles-CAS/images/3/7/2/3723456-th.jpg', '/wcsstore/Coles-CAS/images/3/7/2/3723456_L-th.jpg', '/wcsstore/Coles-CAS/images/3/7/2/3723456_R-th.jpg', '/wcsstore/Coles-CAS/images/3/7/2/3723456_B-th.jpg']
Coles	Bom Chocolate Flavoured Liquid Breakfast 3x250mL	$ 5 .40	750mL	$7.20 per 1L	"Nutrition Facts
Serving size: 1 serving = 250mL
Qty
Quantity
per serving Qty
Quantity
per 100g / 100ml %
Percentage
daily intake*
Energy 593.75 237.50
Not provided
Energy Cal 142.05 56.82
Not provided
Protein 9.25 3.70
Not provided
Total Fat 4.00 1.60
Not provided
Saturated Fat 0.75 0.30
Not provided
Carbohydrate 14.50 5.80
Not provided
Sugars 11.75 4.70
Not provided
Dietary Fibre Total 5.25 2.10
Not provided
Sodium 175.00 70.00
Not provided
Inulin 4.00 1.60
Not provided
Vitamin A 127.50 51.00
Not provided
Vitamin B12 0.50 0.20
Not provided
Vitamin C 10.00 4.00
Not provided
Vitamin D 2.60 1.04
Not provided
Calcium 400.00 160.00
Not provided
Vitamin B6 0.50 0.20
Not provided
*Percentage Daily Intake per serving. Percentage Daily Intakes are based on an average adult diet of 8700 kJ. Your daily intakes may be higher or lower depending on your energy needs.
Disclaimer:
Product details, including nutritional information and country of origin, may change from time to time and so the product you receive in your order may not reflect the information on this page. Please check the packaging on any product you purchase and if it's not what you expected, feel free to return it for a full refund.
Details
Ingredients:
INGREDIENTS: Skim Milk, Water, Sweeteners (Erythritol, Steviol Glycosides), Skim Milk Solids, Prebiotic Fibre (Inulin), Soy Protein, Canola Oil, Cocoa Powder (1%), Sugar, Corn Starch, Vegetable Gums (Cellulose (powdered), 466, Carrageenan), Acidity Regulator (332), Emulsifier (Lecithin (Soy)), Mineral Salt (Calcium Phosphate), Natural Flavours, Salt, Vitamins (C, B3, B6, B1, B2, A, Folate, D, B12).
Allergen:
Contains SOY, Contains MILK
Servings Per Pack:
1.0
Storage Instructions:
Once opened, refrigerate below 5C and use within 3 days. Store in a cool, dry place, Once opened, refrigerate below 5C and use within 3 days.rnStore in a cool, dry place
Code: 4187661P
4 1 8 7 6 6 1 P
Customers also purchased
Coles Bom Liquid Breakfast Banana Flavoured 3x250mL 750mL
Coles Bom Liquid Breakfast Banana Flavoured 3x250mL
750mL
$5.40
750mL $7.20 per 1L
Unit Price
Add
1
for $5.40

Coles Bom Liquid Breakfast Coffee Flavoured 3x250mL 750mL
Coles Bom Liquid Breakfast Coffee Flavoured 3x250mL
750mL
$5.40
750mL $7.20 per 1L
Unit Price
Add
1
for $5.40

Coles Bom Liquid Breakfast Vanilla Flavoured 3x250mL 750mL
Coles Bom Liquid Breakfast Vanilla Flavoured 3x250mL
750mL
$5.40
750mL $7.20 per 1L
Unit Price
Add
1
for $5.40

Coles Bom Liquid Breakfast Strawberry Flavoured 3x250mL 750mL
Coles Bom Liquid Breakfast Strawberry Flavoured 3x250mL
750mL
$5.40
750mL $7.20 per 1L
Unit Price
Add
1
for $5.40"	['/wcsstore/Coles-CAS/images/4/1/8/4187661-th.jpg', '/wcsstore/Coles-CAS/images/4/1/8/4187661_L-th.jpg', '/wcsstore/Coles-CAS/images/4/1/8/4187661_R-th.jpg', '/wcsstore/Coles-CAS/images/4/1/8/4187661_B-th.jpg']
Coles	Bom Liquid Breakfast Vanilla Flavoured 3x250mL	$ 5 .40	750mL	$7.20 per 1L	"Nutrition Facts
Serving size: 1 serving = 250mL
Qty
Quantity
per serving Qty
Quantity
per 100g / 100ml %
Percentage
daily intake*
Energy 574.25 229.7
Not provided
Energy Cal 137.38 54.95
Not provided
Protein 8.75 3.5
Not provided
Carbohydrate 14.75 5.9
Not provided
Sugars 11.75 4.7
Not provided
Dietary Fibre Total 4.5 1.8
Not provided
Sodium 172.5 69
Not provided
Inulin 4 1.6
Not provided
Vitamin A 127.5 51
Not provided
Vitamin B12 0.5 0.2
Not provided
Vitamin C 10 4
Not provided
Vitamin D 2.6g 1.04g
Not provided
Calcium 400 160
Not provided
Vitamin B6 0.5 0.2
Not provided
*Percentage Daily Intake per serving. Percentage Daily Intakes are based on an average adult diet of 8700 kJ. Your daily intakes may be higher or lower depending on your energy needs.
Disclaimer:
Product details, including nutritional information and country of origin, may change from time to time and so the product you receive in your order may not reflect the information on this page. Please check the packaging on any product you purchase and if it's not what you expected, feel free to return it for a full refund.
Details
Ingredients:
INGREDIENTS: Skim Milk, Water, Sweeteners (Erythritol, Steviol Glycosides), Skim Milk Solids, Prebiotic Fibre (Inulin), Soy Protein, Canola Oil, Sugar, Corn Starch, Vegetable Gums (Cellulose (powdered), 466, Carrageenan), Natural Flavours, Acidity Regulator (332), Emulsifier (Lecithin(Soy)), Mineral Salt (Calcium Phosphate), Salt, Vitamins (C, B3, B6, B1, B2, A, Folate, D, B12).
Allergen:
Contains SOY, Contains MILK
Servings Per Pack:
1.0
Storage Instructions:
Once opened, refrigerate below 5C and use within 3 days.rnStore in a cool, dry place, Store in a cool, dry place. Once opened, refrigerate below 5C and use within 3 days.
Code: 4187694P
4 1 8 7 6 9 4 P
Customers also purchased
Coles Bom Liquid Breakfast Banana Flavoured 3x250mL 750mL
Coles Bom Liquid Breakfast Banana Flavoured 3x250mL
750mL
$5.40
750mL $7.20 per 1L
Unit Price
Add
1
for $5.40

Coles Bom Liquid Breakfast Coffee Flavoured 3x250mL 750mL
Coles Bom Liquid Breakfast Coffee Flavoured 3x250mL
750mL
$5.40
750mL $7.20 per 1L
Unit Price
Add
1
for $5.40

Coles Bom Chocolate Flavoured Liquid Breakfast 3x250mL 750mL
Coles Bom Chocolate Flavoured Liquid Breakfast 3x250mL
750mL
$5.40
750mL $7.20 per 1L
Unit Price
Add
1
for $5.40

Coles Bom Liquid Breakfast Strawberry Flavoured 3x250mL 750mL
Coles Bom Liquid Breakfast Strawberry Flavoured 3x250mL
750mL
$5.40
750mL $7.20 per 1L
Unit Price
Add
1
for $5.40"	['/wcsstore/Coles-CAS/images/4/1/8/4187694-th.jpg', '/wcsstore/Coles-CAS/images/4/1/8/4187694_L-th.jpg', '/wcsstore/Coles-CAS/images/4/1/8/4187694_R-th.jpg', '/wcsstore/Coles-CAS/images/4/1/8/4187694_B-th.jpg']
Sanitarium	Up&Go Liquid Breakfast Vanilla Ice Cereal No Added Sugar 3X250mL	$ 5 .60	750mL	$7.47 per 1L	"Nutrition Facts
Serving size: 1 serving = 250mL
Qty
Quantity
per serving Qty
Quantity
per 100g / 100ml %
Percentage
daily intake*
Energy 573kJ 229kJ
Not provided
Energy Cal 137Cal 55Cal
Not provided
Protein 8.1g 3.3g
Not provided
Total Fat 3.7g 1.5g
Not provided
Saturated Fat 0.6g 0.2g
Not provided
Carbohydrate 15.5g 6.2g
Not provided
Sugars 10.5g 4.2g
Not provided
Dietary Fibre Total 4.0g 1.6g
Not provided
Sodium 171mg 69mg
Not provided
Lactose 10.1g 4.0g
Not provided
Potassium 644mg 258mg
Not provided
Vitamin A 128ug 41ug 17%*
Vitamin B1 0.28mg 0.11mg 25%*
Vitamin B2 0.43mg 0.17mg 25%*
Vitamin B3 2.5mg 1.0mg 25%*
Vitamin B12 0.4ug 0.16ug 20%*
Vitamin C 10mg 4mg 25%*
Calcium 300mg 120mg 38%*
Vitamin B6 0.25mg 0.1mg 16%*
*Percentage Daily Intake per serving. Percentage Daily Intakes are based on an average adult diet of 8700 kJ. Your daily intakes may be higher or lower depending on your energy needs.
Disclaimer:
Product details, including nutritional information and country of origin, may change from time to time and so the product you receive in your order may not reflect the information on this page. Please check the packaging on any product you purchase and if it's not what you expected, feel free to return it for a full refund.
Details
Ingredients:
Filtered water, skim milk powder (8%), cereal flour (brown rice, oat), sweeteners (erythritol, steviol glycosides), vegetable oils (sunflower, canola), vegetable fibre, flavour, vegetable gums (460, 407, 466, 418), soy protein, flavours acidity regulator (332), mineral (calcium), stabiliser (452), vitamins (C, niacin, Al B12, B6, B2, B1, Folate), salt, flaxseed fibre.
Contains:
Contains milk, soy and cereals containing gluten.
Allergen:
Contains Gluten, May Be Present Wheat, Contains Soy, Contains Milk, Contains Oats, Contains Cereals
Dietary:
High in Fibre, No Added Sugars, Low GI
Servings Per Pack:
1.0
Usage Instructions:
Great Chilled! Shake Me!
Size:
3 x 250mL
Warning:
Formulated Supplementary Food. UP&GO is intended to supplement a diet which may be low in energy or vitamins and minerals. Not suitable as a complete milk food for children under 2 years.
Code: 3723467P
3 7 2 3 4 6 7 P
Customers also purchased
Sanitarium Up&Go Energize Chocolate Ice 3X250mL 750mL
Sanitarium Up&Go Energize Chocolate Ice 3X250mL
750mL
$5.60
750mL $7.47 per 1L
Unit Price
Add
1
for $5.60

Sanitarium Up&Go Liquid Breakfast Choc Ice Cereal No Added Sugar 6X250mL 1.5L
Sanitarium Up&Go Liquid Breakfast Choc Ice Cereal No Added Sugar 6X250mL
1.5L
$10.50
1.5L $7.00 per 1L
Unit Price
Add
1
for $10.50

Coles Bom Liquid Breakfast Coffee Flavoured 3x250mL 750mL
Coles Bom Liquid Breakfast Coffee Flavoured 3x250mL
750mL
$5.40
750mL $7.20 per 1L
Unit Price
Add
1
for $5.40"	['/wcsstore/Coles-CAS/images/3/7/2/3723467-th.jpg', '/wcsstore/Coles-CAS/images/3/7/2/3723467_L-th.jpg', '/wcsstore/Coles-CAS/images/3/7/2/3723467_R-th.jpg', '/wcsstore/Coles-CAS/images/3/7/2/3723467_B-th.jpg']
Coles	Bom Liquid Breakfast Banana Flavoured 3x250mL	$ 5 .40	750mL	$7.20 per 1L	"Nutrition Facts
Serving size: 1 serving = 250mL
Qty
Quantity
per serving Qty
Quantity
per 100g / 100ml %
Percentage
daily intake*
Energy 561.50 224.60
Not provided
Energy Cal 134.33 53.73
Not provided
Protein 8.75 3.50
Not provided
Total Fat 3.75 1.50
Not provided
Saturated Fat 0.50 0.20
Not provided
Carbohydrate 14.00 5.60
Not provided
Sugars 11.75 4.70
Not provided
Dietary Fibre Total 4.50 1.80
Not provided
Sodium 160.00 64.00
Not provided
Inulin 4.00 1.60
Not provided
Vitamin A 127.50 51.00
Not provided
Vitamin B12 0.50 0.20
Not provided
Vitamin C 10.00 4.00
Not provided
Vitamin D 2.60 1.04
Not provided
Calcium 400.00 160.00
Not provided
Vitamin B6 0.50 0.20
Not provided
*Percentage Daily Intake per serving. Percentage Daily Intakes are based on an average adult diet of 8700 kJ. Your daily intakes may be higher or lower depending on your energy needs.
Disclaimer:
Product details, including nutritional information and country of origin, may change from time to time and so the product you receive in your order may not reflect the information on this page. Please check the packaging on any product you purchase and if it's not what you expected, feel free to return it for a full refund.
Details
Ingredients:
INGREDIENTS: Skim Milk, Water, Sweeteners (Erythritol, Steviol Glycosides), Skim Milk Solids, Prebiotic Fibre (Inulin), Soy Protein, Canola Oil, Sugar, Corn Starch, Vegetable Gums (Cellulose (powdered), 466, Carrageenan), Acidity Regulator (332), Emulsifier (Lecithin(Soy)), Mineral Salt (Calcium Phosphate), Natural Flavour, Salt, Natural Colour (Beta Carotene), Vitamins (C, B3, B6, B1, B2, A, Folate, D, B12).
Allergen:
Contains SOY, Contains MILK
Servings Per Pack:
1.0
Storage Instructions:
Once opened, refrigerate below 5C and use within 3 days. Store in a cool, dry place
Code: 4187800P
4 1 8 7 8 0 0 P"	['/wcsstore/Coles-CAS/images/4/1/8/4187800-th.jpg', '/wcsstore/Coles-CAS/images/4/1/8/4187800_L-th.jpg', '/wcsstore/Coles-CAS/images/4/1/8/4187800_R-th.jpg', '/wcsstore/Coles-CAS/images/4/1/8/4187800_B-th.jpg']
Coles	Bom Liquid Breakfast Strawberry Flavoured 3x250mL	$ 5 .40	750mL	$7.20 per 1L	"Nutrition Facts
Serving size: 1 serving = 250mL
Qty
Quantity
per serving Qty
Quantity
per 100g / 100ml %
Percentage
daily intake*
Energy 565.75 226.30
Not provided
Energy Cal 135.35 54.14
Not provided
Protein 8.75 3.50
Not provided
Total Fat 3.75 1.50
Not provided
Saturated Fat 0.50 0.20
Not provided
Carbohydrate 14.25 5.70
Not provided
Sugars 11.75 4.70
Not provided
Dietary Fibre Total 4.50 1.80
Not provided
Sodium 172.50 69.00
Not provided
Inulin 4.00 1.60
Not provided
Vitamin A 127.50 51.00
Not provided
Vitamin B12 0.50 0.20
Not provided
Vitamin C 10.00 4.00
Not provided
Vitamin D 2.60 1.04
Not provided
Calcium 400.00 160.00
Not provided
Vitamin B6 0.50 0.20
Not provided
*Percentage Daily Intake per serving. Percentage Daily Intakes are based on an average adult diet of 8700 kJ. Your daily intakes may be higher or lower depending on your energy needs.
Disclaimer:
Product details, including nutritional information and country of origin, may change from time to time and so the product you receive in your order may not reflect the information on this page. Please check the packaging on any product you purchase and if it's not what you expected, feel free to return it for a full refund.
Details
Ingredients:
INGREDIENTS: Skim Milk, Water, Sweeteners (Erythritol, Steviol Glycosides), Skim Milk Solids, Prebiotic Fibre (Inulin), Soy Protein, Canola Oil, Sugar, Corn Starch, Vegetable Gums (Cellulose (powdered), 466, Carrageenan), Acidity Regulator (332), Emulsifier (Lecithin(Soy)), Mineral Salt (Calcium Phosphate), Natural Flavours, Salt, Natural Colour (Carmine), Vitamins (C, B3, B6, B1, B2, A, Folate, D, B12).
Allergen:
Contains SOY, Contains MILK
Servings Per Pack:
1.0
Storage Instructions:
Once opened, refrigerate below 5C and use within 3 days. Store in a cool, dry place, Once opened, refrigerate below 5C and use within 3 days.rnStore in a cool, dry place
Code: 4187774P
4 1 8 7 7 7 4 P
Customers also purchased
Coles Bom Liquid Breakfast Banana Flavoured 3x250mL 750mL
Coles Bom Liquid Breakfast Banana Flavoured 3x250mL
750mL
$5.40
750mL $7.20 per 1L
Unit Price
Add
1
for $5.40

Coles Bom Liquid Breakfast Vanilla Flavoured 3x250mL 750mL
Coles Bom Liquid Breakfast Vanilla Flavoured 3x250mL
750mL
$5.40
750mL $7.20 per 1L
Unit Price
Add
1
for $5.40

Coles Bom Chocolate Flavoured Liquid Breakfast 3x250mL 750mL
Coles Bom Chocolate Flavoured Liquid Breakfast 3x250mL
750mL
$5.40
750mL $7.20 per 1L
Unit Price
Add
1
for $5.40"	['/wcsstore/Coles-CAS/images/4/1/8/4187774-th.jpg', '/wcsstore/Coles-CAS/images/4/1/8/4187774_L-th.jpg', '/wcsstore/Coles-CAS/images/4/1/8/4187774_R-th.jpg', '/wcsstore/Coles-CAS/images/4/1/8/4187774_B-th.jpg']
Coles	Bom Liquid Breakfast Coffee Flavoured 3x250mL	$ 5 .40	750mL	$7.20 per 1L	"Nutrition Facts
Qty
Quantity
per serving Qty
Quantity
per 100g / 100ml %
Percentage
daily intake*
Saturated Fat LESS THAN 1g LESS THAN 1g 2
Sugars 11.75g 4.7g
Not provided
Dietary Fibre Total 4.5g 1.8g
Not provided
Inulin 4.0 1.6
Not provided
Folic Acid 50.0 20.0
Not provided
Vitamin A 127.5g 51g
Not provided
Vitamin B12 0.5g 0.2g
Not provided
Vitamin D 2.6g 1.04g
Not provided
Calcium 400 160
Not provided
*Percentage Daily Intake per serving. Percentage Daily Intakes are based on an average adult diet of 8700 kJ. Your daily intakes may be higher or lower depending on your energy needs.
Disclaimer:
Product details, including nutritional information and country of origin, may change from time to time and so the product you receive in your order may not reflect the information on this page. Please check the packaging on any product you purchase and if it's not what you expected, feel free to return it for a full refund.
Details
Ingredients:
INGREDIENTS: Skim Milk, Water, Sweeteners (Erythritol, Steviol Glycosides), Skim Milk Solids, Prebiotic Fibre (Inulin), Soy Protein, Canola Oil, Sugar, Corn Starch, Coffee Powder (0.65%), Vegetable Gums (Cellulose (powdered), 466, Carrageenan), Acidity Regulator (332), Emulsifier (Lecithin(Soy)), Mineral Salt (Calcium Phosphate), Natural Flavour, Salt, Vitamins (C, B3, B6, B1, B2, A, Folate, D, B12).
Allergen:
Contains SOY, CONTAINS Caffeine
Storage Instructions:
Store in a cool, dry place. Once opened, refrigerate below 5C and use within 3 days., Once opened, refrigerate below 5C and use within 3 days.rnOnce opened, refrigerate below 5C and use within 3 days.rnOnce opened, refrigerate below 5C and use within 3 days.rnOnce opened, refrigerate below 5C and use within 3 days.rnStore in a cool, dry placernStore in a cool, dry place
Code: 4187796P
4 1 8 7 7 9 6 P
Customers also purchased
Coles Bom Liquid Breakfast Banana Flavoured 3x250mL 750mL
Coles Bom Liquid Breakfast Banana Flavoured 3x250mL
750mL
$5.40
750mL $7.20 per 1L
Unit Price
Add
1
for $5.40

Coles Bom Liquid Breakfast Vanilla Flavoured 3x250mL 750mL
Coles Bom Liquid Breakfast Vanilla Flavoured 3x250mL
750mL
$5.40
750mL $7.20 per 1L
Unit Price
Add
1
for $5.40

Coles Bom Chocolate Flavoured Liquid Breakfast 3x250mL 750mL
Coles Bom Chocolate Flavoured Liquid Breakfast 3x250mL
750mL
$5.40
750mL $7.20 per 1L
Unit Price
Add
1
for $5.40"	['/wcsstore/Coles-CAS/images/4/1/8/4187796-th.jpg', '/wcsstore/Coles-CAS/images/4/1/8/4187796_L-th.jpg', '/wcsstore/Coles-CAS/images/4/1/8/4187796_R-th.jpg', '/wcsstore/Coles-CAS/images/4/1/8/4187796_B-th.jpg']
Tip Top	The One White Sandwich Bread	$ 3 .90	700g	$0.56 per 100G	"Disclaimer:
Product details, including nutritional information and country of origin, may change from time to time and so the product you receive in your order may not reflect the information on this page. Please check the packaging on any product you purchase and if it's not what you expected, feel free to return it for a full refund.
Code: 8956156P
8 9 5 6 1 5 6 P
Customers also purchased
Tip Top Sunblest Wholemeal Sandwich Bread 650g everyday product
Tip Top Sunblest Wholemeal Sandwich Bread
650g everyday product
$3.50
650g $0.54 per 100G
Unit Price
4.8 (6)
4.8 out of 5 stars from 6 ratings received
Add
1
for $3.50

Wonder White Bread Wholegrain Smooth 700g everyday product
Wonder White Bread Wholegrain Smooth
700g everyday product
$3.90
700g $0.56 per 100G
Unit Price
Add
1
for $3.90

The One White Sandwich Bread"	['/wcsstore/Coles-CAS/images/8/9/5/8956156-th.jpg', '/wcsstore/Coles-CAS/images/8/9/5/8956156_L-th.jpg', '/wcsstore/Coles-CAS/images/8/9/5/8956156_R-th.jpg', '/wcsstore/Coles-CAS/images/8/9/5/8956156_B-th.jpg']
Wonder	White Bread + Vitamins & Mineral	$ 3 .90	700g	$0.56 per 100G	"Nutrition Facts
Serving size: 1 serving = 74g
Qty
Quantity
per serving Qty
Quantity
per 100g / 100ml %
Percentage
daily intake*
Energy 730kJ 980kJ
Not provided
Protein 6.1g 8.3g
Not provided
Total Fat 2g 2.7g
Not provided
Saturated Fat
Less than
< 1g
Less than
< 1g
Not provided
Carbohydrate 29.5g 39.9g
Not provided
Sugars 1.6g 2.1g
Not provided
Dietary Fibre Total 6g 8.1g
Not provided
Sodium 260mg 350mg
Not provided
*Percentage Daily Intake per serving. Percentage Daily Intakes are based on an average adult diet of 8700 kJ. Your daily intakes may be higher or lower depending on your energy needs.
Disclaimer:
Product details, including nutritional information and country of origin, may change from time to time and so the product you receive in your order may not reflect the information on this page. Please check the packaging on any product you purchase and if it's not what you expected, feel free to return it for a full refund.
Details
Ingredients:
Unbleached wheat flour, water, wheat fibre, yeast, modified tapioca starch (1413), wheat gluten, vinegar, canola oil, iodised salt, soy flour, acacia gum, cultured wheat flour, vegetable emulsifiers (481, 471, 472e), vitamins (niacin, vitamin E, thiamin, vitamin B6, folic acid), minerals (iron, zinc).
Allergen:
Contains Soybean, May Contain Sesame Seeds, Contains Cereals
Servings Per Pack:
9.5
Dimensions:
120 x 120 x 260mm
Size:
700g
Code: 5795130P
5 7 9 5 1 3 0 P
Customers also purchased
Tip Top The One White Sandwich Bread 700g everyday product
Tip Top The One White Sandwich Bread
700g everyday product
$3.90
700g $0.56 per 100G
Unit Price
4.8 (88)
4.8 out of 5 stars from 88 ratings received
Add
1
for $3.90

Wonder White Bread Wholegrain Smooth 700g everyday product
Wonder White Bread Wholegrain Smooth
700g everyday product
$3.90
700g $0.56 per 100G
Unit Price
Add
1
for $3.90

Lawson's Traditional Stone Mill Wholemeal Bread 750g on special
Lawson's Traditional Stone Mill Wholemeal Bread
750g on special
$4.30
save
$1.80
750g $0.57 per 100G
Unit Price
Add
1
for $4.30"	['/wcsstore/Coles-CAS/images/5/7/9/5795130-th.jpg', '/wcsstore/Coles-CAS/images/5/7/9/5795130_L-th.jpg', '/wcsstore/Coles-CAS/images/5/7/9/5795130_R-th.jpg', '/wcsstore/Coles-CAS/images/5/7/9/5795130_B-th.jpg']
Wonder	White Bread Wholemeal Plus Iron	$ 3 .90	700g	$0.56 per 100G	"Nutrition Facts
Serving size: 1 serving = 74g
Qty
Quantity
per serving Qty
Quantity
per 100g / 100ml %
Percentage
daily intake*
Energy 720kJ 980kJ 8%
Protein 7g 9.5g 14%
Total Fat 2.3g 3.1g 3%
Saturated Fat
Less than
< 1g
Less than
< 1g
Less than
< 4%
Carbohydrate 28.9g 39.1g 9%
Sugars 1.7g 2.3g 2%
Dietary Fibre Total 5.5g 7.4g 18%
Sodium 280mg 375mg 12%
Vitamin B1 0.7mg 0.9mg 61%
Vitamin B3 3.7mg 6mg 37%
Iron 4.4mg 6mg 37%
*Percentage Daily Intake per serving. Percentage Daily Intakes are based on an average adult diet of 8700 kJ. Your daily intakes may be higher or lower depending on your energy needs.
Disclaimer:
Product details, including nutritional information and country of origin, may change from time to time and so the product you receive in your order may not reflect the information on this page. Please check the packaging on any product you purchase and if it's not what you expected, feel free to return it for a full refund.
Details
Ingredients:
Wholemeal wheat flour (46%), water, unbleached wheat flour, yeast, wheat gluten, canola oil, modified tapioca starch (1413), iodised salt, soy flour, vinegar, wheat fibre, cultured wheat flour, vegetable emulsifiers (481, 471, 472e), vitamins (niacin, thiamin, vitamin E, folic acid), mineral (iron).
Allergen:
Contains Soybean, May Contain Sesame Seeds, Contains Gluten, Contains Wheat
Servings Per Pack:
9.5
Storage Instructions:
Store in a cool dry place out of direct sunlight.
Dimensions:
120 x 120 x 260mm
Size:
700g
Code: 5322140P
5 3 2 2 1 4 0 P
Customers also purchased
Wonder White Bread + Vitamins & Mineral 700g everyday product
Wonder White Bread + Vitamins & Mineral
700g everyday product
$3.90
700g $0.56 per 100G
Unit Price
Add
1
for $3.90

Wonder White Bread + Vitamins Toast 700g everyday product
Wonder White Bread + Vitamins Toast
700g everyday product
$3.90
700g $0.56 per 100G
Unit Price
Add
1
for $3.90

Wonder White Bread Wholegrain Smooth 700g everyday product
Wonder White Bread Wholegrain Smooth
700g everyday product
$3.90
700g $0.56 per 100G
Unit Price
Add
1
for $3.90"	['/wcsstore/Coles-CAS/images/5/3/2/5322140-th.jpg', '/wcsstore/Coles-CAS/images/5/3/2/5322140_L-th.jpg', '/wcsstore/Coles-CAS/images/5/3/2/5322140_R-th.jpg', '/wcsstore/Coles-CAS/images/5/3/2/5322140_B-th.jpg']
Coles	Soft White Wraps 8 pack	$ 2 .20	360g	$0.61 per 100G	"Nutrition Facts
Serving size: 1 serving = 45g (1 Wrap)
Qty
Quantity
per serving Qty
Quantity
per 100g / 100ml %
Percentage
daily intake*
Energy 556.34 1236.30
Not provided
Energy Cal 133.09 295.77
Not provided
Protein 3.56 7.90
Not provided
Total Fat 3.38 7.50
Not provided
Saturated Fat 1.76 3.90
Not provided
Carbohydrate 21.11 46.90
Not provided
Sugars 1.98 4.40
Not provided
Dietary Fibre Total 1.53 3.40
Not provided
Sodium 171.00 380.00
Not provided
*Percentage Daily Intake per serving. Percentage Daily Intakes are based on an average adult diet of 8700 kJ. Your daily intakes may be higher or lower depending on your energy needs.
Disclaimer:
Product details, including nutritional information and country of origin, may change from time to time and so the product you receive in your order may not reflect the information on this page. Please check the packaging on any product you purchase and if it's not what you expected, feel free to return it for a full refund.
Details
Ingredients:
INGREDIENTS: Wheat Flour [Thiamin, Folic Acid], Water, Vegetable Shortening [Vegetable Fat (Palm Oil), Vegetable Emulsifier (471)], Humectant [422], Conditioner [Vegetable Emulsifier (471, 481), Soy Flour, Wheat Flour], Oat Fibre, Baking Powder [Raising Agents (501, 541), Wheat Starch], Iodised Salt, Gluten (Wheat), Acidity Regulator [297], Thickener [412], Preservative [281, 200].
Allergen:
Contains SOY, May Be Present MILK, Contains CEREALS CONTAINING GLUTEN, May Be Present SESAME, Contains Wheat, Contains Oats
Servings Per Pack:
8.0
Storage Instructions:
Store in a cool, dry place. Once opened, consume within 3 days. Seal tightly after opening.
Code: 3731705P
3 7 3 1 7 0 5 P
Customers also purchased
Mission Low Carb Spinach And Herb Wrap 288g on special
Mission Low Carb Spinach And Herb Wrap
288g on special
$4.50
save
$1.00
288g $1.56 per 100G
Unit Price
Add
1
for $4.50

Coles White Large Jumbo Wraps 8 Pack 560g
Coles White Large Jumbo Wraps 8 Pack
560g
$3.50
Until 02 May 2023
Was $4.00 Jan 2023
560g $0.63 per 100G
Unit Price
Add
1
for $3.50"	['/wcsstore/Coles-CAS/images/3/7/3/3731705-th.jpg', '/wcsstore/Coles-CAS/images/3/7/3/3731705_L-th.jpg', '/wcsstore/Coles-CAS/images/3/7/3/3731705_B-th.jpg']
Tip Top	The One White Toast Bread	$ 3 .90	700g	$0.56 per 100G	"Disclaimer:
Product details, including nutritional information and country of origin, may change from time to time and so the product you receive in your order may not reflect the information on this page. Please check the packaging on any product you purchase and if it's not what you expected, feel free to return it for a full refund.
Code: 8956189P
8 9 5 6 1 8 9 P
Customers also purchased
Abbott's Bakery Light Rye Bread 680g
Abbott's Bakery Light Rye Bread
680g
$4.30
Until 18 Apr 2023
680g $0.63 per 100G
Unit Price
5.0 (7)
5.0 out of 5 stars from 7 ratings received
Add
1
for $4.30

Abbott's Bakery Country Grains Bread 800g
Abbott's Bakery Country Grains Bread
800g
$4.30
Until 18 Apr 2023
800g $0.54 per 100G
Unit Price
4.6 (5)
4.6 out of 5 stars from 5 ratings received
Add
1
for $4.30

Lawson's Traditional Settler's Grain Bread 750g on special
Lawson's Traditional Settler's Grain Bread
750g on special
$4.30
save
$1.80
750g $0.57 per 100G
Unit Price
Add
1
for $4.30

Helgas Grains And Seeds Sourdough Bread 750g everyday product
Helgas Grains And Seeds Sourdough Bread
750g everyday product
$4.40
750g $0.59 per 100G
Unit Price
Add
1
for $4.40

The One White Toast Bread"	['/wcsstore/Coles-CAS/images/8/9/5/8956189-th.jpg', '/wcsstore/Coles-CAS/images/8/9/5/8956189_L-th.jpg', '/wcsstore/Coles-CAS/images/8/9/5/8956189_R-th.jpg', '/wcsstore/Coles-CAS/images/8/9/5/8956189_B-th.jpg']
Coles	White Bread	$ 1 .90	650g	$0.29 per 100G	"Nutrition Facts
Serving size: 1 serving = Approximately 56.5g (2 slices)
Qty
Quantity
per serving Qty
Quantity
per 100g / 100ml %
Percentage
daily intake*
Total Fat 1.2 2.2 2
Carbohydrate 25.6 45.3 8
Sugars 1.7 3
Not provided
Dietary Fibre Total 1.53 2.7
Not provided
*Percentage Daily Intake per serving. Percentage Daily Intakes are based on an average adult diet of 8700 kJ. Your daily intakes may be higher or lower depending on your energy needs.
Disclaimer:
Product details, including nutritional information and country of origin, may change from time to time and so the product you receive in your order may not reflect the information on this page. Please check the packaging on any product you purchase and if it's not what you expected, feel free to return it for a full refund.
Details
Ingredients:
INGREDIENTS: Wheat Flour, Water, Yeast, Vinegar, Iodised Salt, Canola Oil, Soy Flour, Emulsifier (481), Vitamins (Thiamin, Folic Acid).
Allergen:
Contains SOY, May Contain Lupin, Contains Wheat
Servings Per Pack:
11.5
Storage Instructions:
Store in a cool dry place. Product will remain at its best if not refrigerated.
Preparation Instructions:
Ready to eat
Code: 4901345P
4 9 0 1 3 4 5 P
Customers also purchased
Tip Top Sunblest White Bread 650g everyday product
Tip Top Sunblest White Bread
650g everyday product
$3.50
650g $0.54 per 100G
Unit Price
5.0 (11)
5.0 out of 5 stars from 11 ratings received
Add
1
for $3.50"	['/wcsstore/Coles-CAS/images/4/9/0/4901345-th.jpg', '/wcsstore/Coles-CAS/images/4/9/0/4901345_L-th.jpg', '/wcsstore/Coles-CAS/images/4/9/0/4901345_B-th.jpg']
Tip Top	Original English Muffins 6 Pack	$ 2 .75	400g	$0.69 per 100G	"Nutrition Facts
Serving size: 1 serving = 67g (1 Muffin)
Qty
Quantity
per serving Qty
Quantity
per 100g / 100ml %
Percentage
daily intake*
Energy 553kJ 826kJ 6%
Protein 4.8g 7.1g 10%
Total Fat 1.4g 2.1g 2%
Saturated Fat 0.3g 0.5g 1%
Carbohydrate 23.5g 35.0g 8%
Sugars 1.5g 2.2g 2%
Dietary Fibre Total 2.7g 4.1g 9%
Sodium 198mg 296mg 9%
*Percentage Daily Intake per serving. Percentage Daily Intakes are based on an average adult diet of 8700 kJ. Your daily intakes may be higher or lower depending on your energy needs.
Disclaimer:
Product details, including nutritional information and country of origin, may change from time to time and so the product you receive in your order may not reflect the information on this page. Please check the packaging on any product you purchase and if it's not what you expected, feel free to return it for a full refund.
Details
Ingredients:
Wheat Flour, Water, Baker's Yeast, Maize Polenta, Wheat Gluten, Vinegar, Canola Oil, Iodised Salt, Oat Fibre, Soy Flour, Acidity Regulators (341, 263, 262), Emulsifiers (481, 472e, 471), Preservatives (202, 200), Sugar, Vitamins (Thiamin, Folate).
Contains:
Gluten Cereals and Soy.
Allergen:
Contains Gluten, Contains Soy, Contains Cereals
Dietary:
High in Fibre, No Artificial Flavours or Colours, 97% Fat Free, Source of Dietary Fibre
Servings Per Pack:
6.0
Storage Instructions:
Store in a cool, dry place away from direct sunlight. Enjoy this product fresh, or freeze and store it for up to 4 months at or below -15C. On thawing, best consumed immediately.
Usage Instructions:
Peckish? Try this delicious breakfast recipe! Eggs Benedict (Serves 1) 1 Tip Top Original English Muffin 80g Shaved Ham 1 Poached Egg 1 tbsp Hollandaise Sauce Chives to serve Method: Toast muffin. Top with ham, poached egg and serve with hollandaise sauce and chives
Size:
400g
Code: 332394P
3 3 2 3 9 4 P
Customers also purchased
Tip Top Wholemeal English Muffins 6 Pack 400g on special
Tip Top Wholemeal English Muffins 6 Pack
400g on special
$2.75
save
$2.75
400g $0.69 per 100G
Unit Price
5.0 (5)
5.0 out of 5 stars from 5 ratings received
Add
1
for $2.75

Tip Top Multigrain English Muffins 6 Pack 400g on special
Tip Top Multigrain English Muffins 6 Pack
400g on special
$2.75
save
$2.75
400g $0.69 per 100G
Unit Price
Add
1
for $2.75

Tip Top Spicy Fruit English Muffins 6 pack on special
Tip Top Spicy Fruit English Muffins
6 pack on special
$2.75
save
$2.75
6 pack $0.46 per 1Ea
Unit Price
4.7 (3)
4.7 out of 5 stars from 3 ratings received
Add
1
for $2.75

Abbott's Bakery Sourdough English Muffins White 268g
Abbott's Bakery Sourdough English Muffins White
268g
$4.30
268g $1.60 per 100G
Unit Price
4.5 (2)
4.5 out of 5 stars from 2 ratings received
Add
1
for $4.30

Original English Muffins 6 Pack"	['/wcsstore/Coles-CAS/images/3/3/2/332394-th.jpg', '/wcsstore/Coles-CAS/images/3/3/2/332394_L-th.jpg', '/wcsstore/Coles-CAS/images/3/3/2/332394_R-th.jpg', '/wcsstore/Coles-CAS/images/3/3/2/332394_B-th.jpg']
Coles	High Fibre Wholemeal Bread	$ 3 .00	700g	$0.43 per 100G	"Nutrition Facts
Serving size: 1 serving = Approx. 70g (2 slices)
Qty
Quantity
per serving Qty
Quantity
per 100g / 100ml %
Percentage
daily intake*
Energy Cal 172 246
Not provided
Saturated Fat 0.42 0.60
Not provided
Carbohydrate 26.3 37.6 8
Sugars 1.75 2.50
Not provided
Dietary Fibre Total 4.76 6.80
Not provided
Sodium 273.00 390.00
Not provided
Iron 3.85 5.50
Not provided
*Percentage Daily Intake per serving. Percentage Daily Intakes are based on an average adult diet of 8700 kJ. Your daily intakes may be higher or lower depending on your energy needs.
Disclaimer:
Product details, including nutritional information and country of origin, may change from time to time and so the product you receive in your order may not reflect the information on this page. Please check the packaging on any product you purchase and if it's not what you expected, feel free to return it for a full refund.
Details
Ingredients:
INGREDIENTS: Wholemeal Wheat Flour (65%), Water, Yeast, Vinegar, Iodised Salt, Wheat Gluten, Fermented Wheat Flour, Canola Oil, Soy Flour, Vegetable Emulsifiers (481, 471, 472e), Vitamins (Niacin, Thiamin, Folic Acid), Mineral (Iron), Processing Aids (Wheat).
Allergen:
Contains SOY, May Contain SESAME, Contains Gluten, Contains Wheat
Servings Per Pack:
10.0
Storage Instructions:
Store in a cool dry place. Product will remain at its best if not refrigerated.
Preparation Instructions:
Ready To eat
Code: 4938276P
4 9 3 8 2 7 6 P
Customers also purchased
Coles High Fibre White Toast Bread 700g everyday product
Coles High Fibre White Toast Bread
700g everyday product
$3.00
700g $0.43 per 100G
Unit Price
Add
1
for $3.00

Coles High Fibre White Sandwich Bread 700g everyday product
Coles High Fibre White Sandwich Bread
700g everyday product
$3.00
700g $0.43 per 100G
Unit Price
Add
1
for $3.00

Coles Soft White Sandwich 700g everyday product
Coles Soft White Sandwich
700g everyday product
$2.20
700g $0.31 per 100G
Unit Price
Add
1
for $2.20"	['/wcsstore/Coles-CAS/images/4/9/3/4938276-th.jpg', '/wcsstore/Coles-CAS/images/4/9/3/4938276_B-th.jpg']
Mission	Original Wraps 8 pack	$ 5 .50	567g	$0.97 per 100G	"Nutrition Facts
Serving size: 1 serving = 71g
Qty
Quantity
per serving Qty
Quantity
per 100g / 100ml %
Percentage
daily intake*
Energy 873kJ 1230kJ 10%
Protein 5.8g 8.2g 12%
Total Fat 5.8g 8.1g 8%
Saturated Fat 2.9g 4.1g 12%
Carbohydrate 32.3g 45.5g 10%
Sugars 2.1g 3g 2%
Dietary Fibre Total 1.8g 2.6g 6%
Sodium 587mg 827mg 26%
*Percentage Daily Intake per serving. Percentage Daily Intakes are based on an average adult diet of 8700 kJ. Your daily intakes may be higher or lower depending on your energy needs.
Disclaimer:
Product details, including nutritional information and country of origin, may change from time to time and so the product you receive in your order may not reflect the information on this page. Please check the packaging on any product you purchase and if it's not what you expected, feel free to return it for a full refund.
Details
Ingredients:
Wheat Flour (64%) (Thiamine, Folic Acid), Water, Vegetable Oil, Mineral Salts (450, 500), Iodised Salt, Sugar, Vegetable Gums (412, 466), Emulsifier (471), Acidity Regulator (297), Preservatives (282, 200).
Servings Per Pack:
8.0
Dimensions:
15 x 292 x 330mm
Size:
567g
Code: 6955662P
6 9 5 5 6 6 2 P
Customers also purchased
Mission Original Mini Wraps 8 pack 384g
Mission Original Mini Wraps 8 pack
384g
$5.50
384g $1.43 per 100G
Unit Price
Add
1
for $5.50

Mission Wholegrain Wraps 8 pack 567g
Mission Wholegrain Wraps 8 pack
567g
$5.50
567g $0.97 per 100G
Unit Price
Add
1
for $5.50

Mission Spinach & Herb Wraps 8 pack 567g
Mission Spinach & Herb Wraps 8 pack
567g
$5.50
567g $0.97 per 100G
Unit Price
Add
1
for $5.50

Simson's Pantry Low Carb Keto 5 pack 200g on special
Simson's Pantry Low Carb Keto 5 pack
200g on special
$5.00
save
$1.00
200g $2.50 per 100G
Unit Price
Add
1
for $5.00"	['/wcsstore/Coles-CAS/images/6/9/5/6955662-th.jpg', '/wcsstore/Coles-CAS/images/6/9/5/6955662_B-th.jpg']
Tip Top	The One Wholemeal Sandwich Bread	$ 3 .90	700g	$0.56 per 100G	"Disclaimer:
Product details, including nutritional information and country of origin, may change from time to time and so the product you receive in your order may not reflect the information on this page. Please check the packaging on any product you purchase and if it's not what you expected, feel free to return it for a full refund.
Code: 1139480P
1 1 3 9 4 8 0 P
Customers also purchased
Tip Top Sunblest White Bread 650g everyday product
Tip Top Sunblest White Bread
650g everyday product
$3.50
650g $0.54 per 100G
Unit Price
5.0 (11)
5.0 out of 5 stars from 11 ratings received
Add
1
for $3.50

Tip Top Sunblest Wholemeal Sandwich Bread 650g everyday product
Tip Top Sunblest Wholemeal Sandwich Bread
650g everyday product
$3.50
650g $0.54 per 100G
Unit Price
4.8 (6)
4.8 out of 5 stars from 6 ratings received
Add
1
for $3.50

The One Wholemeal Sandwich Bread"	['/wcsstore/Coles-CAS/images/1/1/3/1139480-th.jpg', '/wcsstore/Coles-CAS/images/1/1/3/1139480_L-th.jpg', '/wcsstore/Coles-CAS/images/1/1/3/1139480_R-th.jpg', '/wcsstore/Coles-CAS/images/1/1/3/1139480_B-th.jpg']
Coles	Pikelets 8 pack	$ 2 .50	200g	$1.25 per 100G	"Nutrition Facts
Serving size: 1 serving = 50g (2 Pikelets)
Qty
Quantity
per serving Qty
Quantity
per 100g / 100ml %
Percentage
daily intake*
Energy 465.30 930.60
Not provided
Energy Cal 111.32 222.63
Not provided
Protein 3.30 6.60
Not provided
Total Fat 2.20 4.40
Not provided
Saturated Fat 0.65 1.30
Not provided
Carbohydrate 19.00 38.00
Not provided
Sugars 6.70 13.40
Not provided
Dietary Fibre Total 0.60 1.20
Not provided
Sodium 176.50 353.00
Not provided
*Percentage Daily Intake per serving. Percentage Daily Intakes are based on an average adult diet of 8700 kJ. Your daily intakes may be higher or lower depending on your energy needs.
Disclaimer:
Product details, including nutritional information and country of origin, may change from time to time and so the product you receive in your order may not reflect the information on this page. Please check the packaging on any product you purchase and if it's not what you expected, feel free to return it for a full refund.
Details
Country of Origin:
Made in New Zealand
Ingredients:
INGREDIENTS: Water, Wheat Flour (Gluten), White Sugar, Buttermilk Powder (Milk), Canola Oil, Raising Agent (Sodium Carbonates, 541), Whole Egg Powder, Emulsifier (322 (Soy), 471), Salt, Preservative (Potassium Sorbate, Natural Preservative [234]), Vanilla Powder.
Allergen:
Contains SOY, Contains MILK, Contains EGG, Contains Gluten, Contains Wheat
Servings Per Pack:
4.0
Storage Instructions:
Store in a cool, dry place, out of direct sunlight
Preparation Instructions:
Microwave: 800w:4 seconds per pikelet 1000w:3 seconds per pikelet
Code: 4799340P
4 7 9 9 3 4 0 P
Customers also purchased
Golden Pikelets 8 pack
Golden Pikelets
8 pack
$4.20
8 pack $0.53 per 1Ea
Unit Price
4.7 (21)
4.7 out of 5 stars from 21 ratings received
Add
1
for $4.20"	['/wcsstore/Coles-CAS/images/4/7/9/4799340-th.jpg', '/wcsstore/Coles-CAS/images/4/7/9/4799340_B-th.jpg']
Coles	High Fibre White Sandwich Bread	$ 3 .00	700g	$0.43 per 100G	"Nutrition Facts
Serving size: 1 serving = Approximately 70g (2 slices)
Qty
Quantity
per serving Qty
Quantity
per 100g / 100ml %
Percentage
daily intake*
Energy Cal 167 238
Not provided
Protein 6.1 8.7 12
Total Fat 2.1 3.0 3
Saturated Fat LESS THAN 1g LESS THAN 1g 1
Carbohydrate 28.3 40.4 9
Sugars 1.89 2.70
Not provided
Dietary Fibre Total 4.48 6.40
Not provided
Sodium 252 360 11
Vitamin E 2.1 3.0
Not provided
Iron 4.1 5.9
Not provided
Zinc 1.3 1.8
Not provided
Vitamin B6 0.49 0.70
Not provided
*Percentage Daily Intake per serving. Percentage Daily Intakes are based on an average adult diet of 8700 kJ. Your daily intakes may be higher or lower depending on your energy needs.
Disclaimer:
Product details, including nutritional information and country of origin, may change from time to time and so the product you receive in your order may not reflect the information on this page. Please check the packaging on any product you purchase and if it's not what you expected, feel free to return it for a full refund.
Details
Ingredients:
INGREDIENTS: Wheat Flour, Water, Wheat Fibre (4%), Yeast, Vinegar, Iodised Salt, Fermented Wheat Flour, Canola Oil, Wheat Gluten, Soy Flour, Vegetable Emulsifiers (481, 471, 472e), Vitamins (Vitamin E, Niacin, Thiamin, Vitamin B6, Folic Acid), Minerals (Iron, Zinc), Processing Aids (Wheat).
Allergen:
Contains SOY, May Contain SESAME, Contains Gluten, Contains Wheat
Servings Per Pack:
10.0
Storage Instructions:
Store in a cool dry place. Product will remain at its best if not refrigerated.
Code: 4938243P
4 9 3 8 2 4 3 P
Customers also purchased
Coles High Fibre Wholemeal Bread 700g everyday product
Coles High Fibre Wholemeal Bread
700g everyday product
$3.00
700g $0.43 per 100G
Unit Price
Add
1
for $3.00

Coles White Bread 650g everyday product
Coles White Bread
650g everyday product
$1.90
650g $0.29 per 100G
Unit Price
Add
1
for $1.90

Coles High Fibre Multigrain Bread 700g everyday product
Coles High Fibre Multigrain Bread
700g everyday product
$3.00
700g $0.43 per 100G
Unit Price
Add
1
for $3.00

Coles Soft White Sandwich 700g everyday product
Coles Soft White Sandwich
700g everyday product
$2.20
700g $0.31 per 100G
Unit Price
Add
1
for $2.20"	['/wcsstore/Coles-CAS/images/4/9/3/4938243-th.jpg', '/wcsstore/Coles-CAS/images/4/9/3/4938243_L-th.jpg', '/wcsstore/Coles-CAS/images/4/9/3/4938243_B-th.jpg']
Coles	Wholemeal & Grain Soft Wraps 8 Pack	$ 2 .20	360g	$0.61 per 100G	"Nutrition Facts
Serving size: 1 serving = 45g (1 Wrap)
Qty
Quantity
per serving Qty
Quantity
per 100g / 100ml %
Percentage
daily intake*
Energy 559.94 1244.30
Not provided
Energy Cal 133.96 297.68
Not provided
Protein 3.78 8.40
Not provided
Total Fat 3.51 7.80
Not provided
Saturated Fat 1.80 4.00
Not provided
Carbohydrate 20.57 45.70
Not provided
Sugars 1.76 3.90
Not provided
Dietary Fibre Total 2.03 4.50
Not provided
Sodium 166.50 370.00
Not provided
*Percentage Daily Intake per serving. Percentage Daily Intakes are based on an average adult diet of 8700 kJ. Your daily intakes may be higher or lower depending on your energy needs.
Disclaimer:
Product details, including nutritional information and country of origin, may change from time to time and so the product you receive in your order may not reflect the information on this page. Please check the packaging on any product you purchase and if it's not what you expected, feel free to return it for a full refund.
Details
Ingredients:
INGREDIENTS: Water, Wheat Flour [Thiamin, Folic Acid], Wholemeal Wheat Flour (28%) [Thiamin, Folic Acid], Vegetable Shortening [Vegetable Fat (Palm Oil), Vegetable Emulsifier (471)], Humectant [422], Conditioner [Vegetable Emulsifier (471, 481), Soy Flour, Wheat Flour], Baking Powder [Raising Agents (501, 541), Wheat Starch], Mixed Grain (0.8%) [Kibbled Rye, Kibbled Wheat, Kibbled Corn, Kibbled Triticale], ????? Wheat Flakes (0.7%), Purple Wheat (0.7%),Iodised Salt, Linseed, Gluten (Wheat), Acidity Regulator [297], Thickener [412], Preservatives [281, 200].
Allergen:
Contains SOY, May Be Present MILK, Contains Rye, Contains Triticale, Contains CEREALS CONTAINING GLUTEN, May Be Present SESAME, Contains Wheat
Servings Per Pack:
8.0
Storage Instructions:
Store in a cool, dry place. Once opened, consume within 3 days. Seal tightly after opening.
Code: 3731716P
3 7 3 1 7 1 6 P
Customers also purchased
Mission Wholegrain Wraps 8 pack 567g
Mission Wholegrain Wraps 8 pack
567g
$5.50
567g $0.97 per 100G
Unit Price
Add
1
for $5.50

Simson's Pantry Low Carb Mini 6 pack 156g on special
Simson's Pantry Low Carb Mini 6 pack
156g on special
$4.00
save
$1.00
156g $2.56 per 100G
Unit Price
Add
1
for $4.00

Mission Low Carb Spinach And Herb Wrap 288g on special
Mission Low Carb Spinach And Herb Wrap
288g on special
$4.50
save
$1.00
288g $1.56 per 100G
Unit Price
Add
1
for $4.50"	['/wcsstore/Coles-CAS/images/3/7/3/3731716-th.jpg', '/wcsstore/Coles-CAS/images/3/7/3/3731716_B-th.jpg']
Coles	Turkish Rolls 4 pack	$ 2 .75	400g	$0.69 per 100G	"Nutrition Facts
Serving size: 1 serving = 1 roll (100g)
Qty
Quantity
per serving Qty
Quantity
per 100g / 100ml %
Percentage
daily intake*
Energy 1088.60 1088.60
Not provided
Energy Cal 260.43 260.43
Not provided
Protein 9.90 9.90
Not provided
Total Fat 4.00 4.00
Not provided
Saturated Fat 0.50 0.50
Not provided
Carbohydrate 44.30 44.30
Not provided
Sugars 4.00 4.00
Not provided
Dietary Fibre Total 2.40 2.40
Not provided
Sodium 404.00 404.00
Not provided
*Percentage Daily Intake per serving. Percentage Daily Intakes are based on an average adult diet of 8700 kJ. Your daily intakes may be higher or lower depending on your energy needs.
Disclaimer:
Product details, including nutritional information and country of origin, may change from time to time and so the product you receive in your order may not reflect the information on this page. Please check the packaging on any product you purchase and if it's not what you expected, feel free to return it for a full refund.
Details
Ingredients:
INGREDIENTS: Wheat Flour [Wheat Flour, Vitamins (Folic Acid, Thiamin)], Water, Sesame Seeds, Yeast, Canola Oil, Iodised Salt [Salt, Potassium Iodide], Nigella Seeds, Improver [Wheat Flour, Enzyme (Wheat), Antioxidant (300)], Preservative (202), Processing Aid (Wheat Flour, Rice Flour).
Allergen:
Contains SESAME, Contains Gluten, Contains Wheat
Servings Per Pack:
4.0
Code: 5625017P
5 6 2 5 0 1 7 P
Customers also purchased
Helga's Turkish Loaf 450g
Helga's Turkish Loaf
450g
$4.00
450g $0.89 per 100G
Unit Price
Add
1
for $4.00"	['/wcsstore/Coles-CAS/images/5/6/2/5625017-th.jpg', '/wcsstore/Coles-CAS/images/5/6/2/5625017_B-th.jpg']
Coles	English Muffins 6 Pack	$ 2 .30	400g	$0.58 per 100G	"Nutrition Facts
Serving size: 1 serving = 60g
Qty
Quantity
per serving Qty
Quantity
per 100g / 100ml %
Percentage
daily intake*
Energy 594 886
Not provided
Energy Cal 142 212
Not provided
Protein 5.4 8.1
Not provided
Total Fat 1.6 2.4
Not provided
Saturated Fat LESS THAN 1g LESS THAN 1g
Not provided
Carbohydrate 24.6 36.7
Not provided
Sugars 1.7 2.5
Not provided
Dietary Fibre Total 3 4.5
Not provided
Sodium 206 307
Not provided
*Percentage Daily Intake per serving. Percentage Daily Intakes are based on an average adult diet of 8700 kJ. Your daily intakes may be higher or lower depending on your energy needs.
Disclaimer:
Product details, including nutritional information and country of origin, may change from time to time and so the product you receive in your order may not reflect the information on this page. Please check the packaging on any product you purchase and if it's not what you expected, feel free to return it for a full refund.
Details
Ingredients:
Wheat Flour [Thiamin, Folic Acid], Water, Yeast, Maize Polenta, Wheat Gluten, Vinegar, Canola Oil, Iodised Salt, Raising Agent (341), Acidity Regulators (263, 262), Soy Flour, Emulsifiers (481, 472e), Preservatives (200, 202), Sugar.
Allergen:
Contains SOY, Contains CEREALS CONTAINING GLUTEN, Contains Wheat
Servings Per Pack:
6.0
Storage Instructions:
Store in a cool, dry placernTo freeze, do so on day of purchase and use within 4 months. Once thawed, consume within 1 days and do not refreeze.
Preparation Instructions:
Grill Cook under a preheated grill until golden on both sides.Other:Cook in a toaster until golden.
Code: 4723134P
4 7 2 3 1 3 4 P
Customers also purchased
Abbott's Bakery Sourdough English Muffins Rye 268g
Abbott's Bakery Sourdough English Muffins Rye
268g
$4.30
268g $1.60 per 100G
Unit Price
4.5 (2)
4.5 out of 5 stars from 2 ratings received
Add
1
for $4.30

Abbott's Bakery Sourdough English Muffins White 268g
Abbott's Bakery Sourdough English Muffins White
268g
$4.30
268g $1.60 per 100G
Unit Price
4.5 (2)
4.5 out of 5 stars from 2 ratings received
Add
1
for $4.30"	['/wcsstore/Coles-CAS/images/4/7/2/4723134-th.jpg', '/wcsstore/Coles-CAS/images/4/7/2/4723134_B-th.jpg']
Tip Top	9 Grain Original Bread	$ 3 .90	700g	$0.56 per 100G	"Nutrition Facts
Serving size: 1 serving = 74g
Qty
Quantity
per serving Qty
Quantity
per 100g / 100ml %
Percentage
daily intake*
Energy 770kJ 1040kJ 9%
Protein 9.0g 12.1g 18%
Total Fat 3.7g 5.0g 5%
Saturated Fat 0.4g 0.6g 2%
Carbohydrate 26.0g 35.1g 8%
Sugars 1.6g 2.2g 2%
Dietary Fibre Total 4.8g 6.5g 16%
Sodium 296mg 400mg 13%
*Percentage Daily Intake per serving. Percentage Daily Intakes are based on an average adult diet of 8700 kJ. Your daily intakes may be higher or lower depending on your energy needs.
Disclaimer:
Product details, including nutritional information and country of origin, may change from time to time and so the product you receive in your order may not reflect the information on this page. Please check the packaging on any product you purchase and if it's not what you expected, feel free to return it for a full refund.
Details
Ingredients:
Wheat Flour, Water, Mixed Whole Grains (14%) (Kibbled Rye, Kibbled Wheat, Hulled Buckwheat, Kibbled Corn, Kibbled Purple Wheat, Millet, Triticale, Kibbled Barley Rolled Oats), Seeds (Linseed, Sunflower Seeds), Baker's Yeast, Wheat Gluten, Kibbled Soy, Vinegar, Iodised Salt, Canola Oil, Soy Flour, Emulsifiers (472e, 481, 471), Vitamins (Thiamin, Folic Acid), Wheat Malt Flour.
Contains:
Gluten Cereals and Soy.
Allergen:
May Be Present Sesame, Contains Gluten, Contains Soy, May Be Present Fish, Contains Cereals
Dietary:
High in Fibre, No Added Sugars, Low GI, No Artificial Flavours or Colours
Servings Per Pack:
9.5
Storage Instructions:
Store in a cool, dry place away from direct sunlight. Enjoy this loaf fresh, or freeze or store it for up to 4 months at or below -15C. On thawing, best consumed immediately.
Suitable for:
Suitable for Vegans and Vegetarians
Size:
700g
Code: 9201680P
9 2 0 1 6 8 0 P
Customers also purchased
Burgen Wholegrain & Oats Bread 700g everyday product
Burgen Wholegrain & Oats Bread
700g everyday product
$5.50
700g $0.79 per 100G
Unit Price
4.6 (10)
4.6 out of 5 stars from 10 ratings received
Add
1
for $5.50

Burgen Soy & Linseed Bread 700g everyday product
Burgen Soy & Linseed Bread
700g everyday product
$5.50
700g $0.79 per 100G
Unit Price
Add
1
for $5.50

Burgen Wholemeal & Seeds Bread 700g everyday product
Burgen Wholemeal & Seeds Bread
700g everyday product
$5.50
700g $0.79 per 100G
Unit Price
4.8 (5)
4.8 out of 5 stars from 5 ratings received
Add
1
for $5.50

9 Grain Original Bread"	['/wcsstore/Coles-CAS/images/9/2/0/9201680-th.jpg', '/wcsstore/Coles-CAS/images/9/2/0/9201680_L-th.jpg', '/wcsstore/Coles-CAS/images/9/2/0/9201680_R-th.jpg', '/wcsstore/Coles-CAS/images/9/2/0/9201680_B-th.jpg']
Tip Top	Thins Wholemeal Sandwich	$ 3 .70	240g	$1.54 per 100G	"Nutrition Facts
Serving size: 1 serving = 40g
Qty
Quantity
per serving Qty
Quantity
per 100g / 100ml %
Percentage
daily intake*
Energy 416 kJ 1040 kJ 5.0%
Energy Cal 100 Cal 249 Cal
Not provided
Protein 3.9 g 9.8 g 8.0%
Total Fat 1.4 g 3.5 g 2.0%
Saturated Fat 0.2 g 0.6 g 1.0%
Carbohydrate 15.8 g 39.5g 5.0%
Sugars 1.2 g 3.1 g 1.0%
Dietary Fibre Total 3.1 g 7.8 g 10.0%
Sodium 139 mg 348 mg 6.0%
*Percentage Daily Intake per serving. Percentage Daily Intakes are based on an average adult diet of 8700 kJ. Your daily intakes may be higher or lower depending on your energy needs.
Disclaimer:
Product details, including nutritional information and country of origin, may change from time to time and so the product you receive in your order may not reflect the information on this page. Please check the packaging on any product you purchase and if it's not what you expected, feel free to return it for a full refund.
Details
Ingredients:
Wholemeal Wheat Flour (42%), Water, Wheat Flour, Baker's Yeast, Wheat Gluten, Vegetable Gums (466, 415), Soy Flour, Vinegar, Canola Oil, Iodised Salt, Sugar, Dextrose, Fermented Wheat Flour, Emulsifiers (481, 471, 472e), Vitamins (Thiamin, Folic Acid).
Contains:
Wheat, Gluten, Soy. May Be Present: Other Cereals (Barley, Oats, Rye), Sesame.
Allergen:
May Be Present Barley, May Be Present Oats, May Be Present Rye, May Be Present Sesame, Contains Gluten, Contains Soy, Contains Wheat
Dietary:
No Preservatives, No Artificial Flavours or Colours
Servings Per Pack:
6.0
Storage Instructions:
Store in a cool, dry place away from direct sunlight. See Best Before date on pack. Freezing not recommended.
Suitable for:
FODMAP friendly
Size:
240g
Code: 2917060P
2 9 1 7 0 6 0 P
Customers also purchased
Tip Top Sandwich Thins Lightly Seeded 240g
Tip Top Sandwich Thins Lightly Seeded
240g
$3.70
240g $1.54 per 100G
Unit Price
4.8 (11)
4.8 out of 5 stars from 11 ratings received
Add
1
for $3.70

Tip Top Original Thins Sandwich 240g
Tip Top Original Thins Sandwich
240g
$3.70
240g $1.54 per 100G
Unit Price
5.0 (7)
5.0 out of 5 stars from 7 ratings received
Add
1
for $3.70

Tip Top Burger Thins 200g
Tip Top Burger Thins
200g
$3.70
200g $1.85 per 100G
Unit Price
5.0 (6)
5.0 out of 5 stars from 6 ratings received
Add
1
for $3.70

Thins Wholemeal Sandwich"	['/wcsstore/Coles-CAS/images/2/9/1/2917060-th.jpg', '/wcsstore/Coles-CAS/images/2/9/1/2917060_L-th.jpg', '/wcsstore/Coles-CAS/images/2/9/1/2917060_R-th.jpg', '/wcsstore/Coles-CAS/images/2/9/1/2917060_B-th.jpg']
Tip Top	Sunblest White Bread	$ 3 .50	650g	$0.54 per 100G	"Nutrition Facts
Serving size: 1 serving = 60g
Qty
Quantity
per serving Qty
Quantity
per 100g / 100ml %
Percentage
daily intake*
Energy 618kJ 1030 KJ
Not provided
Protein 4.9g 8.1g
Not provided
Total Fat 1.3g 2.2g
Not provided
Saturated Fat 0.2g 0.4g
Not provided
Carbohydrate 27.5g 45.9g
Not provided
Sugars 1.3g 2.1g
Not provided
Dietary Fibre Total 2.2g 3.7g
Not provided
Sodium 236mg 393mg
Not provided
*Percentage Daily Intake per serving. Percentage Daily Intakes are based on an average adult diet of 8700 kJ. Your daily intakes may be higher or lower depending on your energy needs.
Disclaimer:
Product details, including nutritional information and country of origin, may change from time to time and so the product you receive in your order may not reflect the information on this page. Please check the packaging on any product you purchase and if it's not what you expected, feel free to return it for a full refund.
Details
Ingredients:
Unbleached Wheat Flour, Water, Baker's Yeast, Vinegar, Iodised Salt, Canola Oil, Soy Flour, Wheat Gluten, Emulsifier (481), Vitamins (Thiamin, Folic Acid).
Contains:
Gluten Cereals, Soy.
Allergen:
May Be Present Sesame Seeds, Contains Gluten, Contains Soy, Contains Cereals
Dietary:
No Added Sugars, No Preservatives, No Artificial Flavours or Colours
Servings Per Pack:
11.0
Storage Instructions:
Store in a cool, dry place away from direct sunlight. Enjoy this loaf fresh, or freeze and store it for up to 4 months at or below -150C. On thawing, best consumed immediately
Suitable for:
Suitable for Vegans and Vegetarians
Size:
650g
Code: 7953924P
7 9 5 3 9 2 4 P
Customers also purchased
Coles White Bread 650g everyday product
Coles White Bread
650g everyday product
$1.90
650g $0.29 per 100G
Unit Price
Add
1
for $1.90

Tip Top Sunblest Soft White Toast Bread 650g everyday product
Tip Top Sunblest Soft White Toast Bread
650g everyday product
$3.50
650g $0.54 per 100G
Unit Price
4.8 (15)
4.8 out of 5 stars from 15 ratings received
Add
1
for $3.50

Buttercup Country Split White Bread 450g everyday product
Buttercup Country Split White Bread
450g everyday product
$3.50
450g $0.78 per 100G
Unit Price
Add
1
for $3.50

Tip Top Sunblest Wholemeal Sandwich Bread 650g everyday product
Tip Top Sunblest Wholemeal Sandwich Bread
650g everyday product
$3.50
650g $0.54 per 100G
Unit Price
4.8 (6)
4.8 out of 5 stars from 6 ratings received
Add
1
for $3.50

Sunblest White Bread"	['/wcsstore/Coles-CAS/images/7/9/5/7953924-th.jpg', '/wcsstore/Coles-CAS/images/7/9/5/7953924_L-th.jpg', '/wcsstore/Coles-CAS/images/7/9/5/7953924_R-th.jpg', '/wcsstore/Coles-CAS/images/7/9/5/7953924_B-th.jpg']
Coles	Bagels Plain 4 pack	$ 2 .50	360g	$0.69 per 100G	"Nutrition Facts
Serving size: 1 serving = Approx. 90g (1 Bagel)
Qty
Quantity
per serving Qty
Quantity
per 100g / 100ml %
Percentage
daily intake*
Energy 1116.45 1240.50
Not provided
Energy Cal 267.09 296.77
Not provided
Protein 9.45 10.50
Not provided
Total Fat 4.68 5.20
Not provided
Saturated Fat 0.63 0.70
Not provided
Trans 0.08 0.09
Not provided
Carbohydrate 44.64 49.60
Not provided
Sugars 5.40 6.00
Not provided
Dietary Fibre Total 2.97 3.30
Not provided
Sodium 270.90 301.00
Not provided
*Percentage Daily Intake per serving. Percentage Daily Intakes are based on an average adult diet of 8700 kJ. Your daily intakes may be higher or lower depending on your energy needs.
Disclaimer:
Product details, including nutritional information and country of origin, may change from time to time and so the product you receive in your order may not reflect the information on this page. Please check the packaging on any product you purchase and if it's not what you expected, feel free to return it for a full refund.
Details
Ingredients:
INGREDIENTS: Wheat Flour [Wheat Flour, Thiamin, Folic Acid], Water, Sugar, Canola Oil, Cultured Wheat Flour, Wheat Gluten, Yeast, Vinegar, Iodised Salt, Malted Wheat, Emulsifier (471).
Allergen:
May Contain EGG, May Contain SOY, May Contain SESAME, Contains Gluten, Contains Wheat
Servings Per Pack:
4.0
Storage Instructions:
Store in a cool, dry place, out of direct sunlight. Seal tightly after opening.
Code: 3362960P
3 3 6 2 9 6 0 P
Customers also purchased
Coles BAGEL SESAME 4 PACK 360g
Coles BAGEL SESAME 4 PACK
360g
$2.50
Until 11 Apr 2023
360g $0.69 per 100G
Unit Price
Add
1
for $2.50

Abes Bagels Multigrain 4 Pack 360g
Abes Bagels Multigrain 4 Pack
360g
$5.50
360g $1.53 per 100G
Unit Price
Add
1
for $5.50"	['/wcsstore/Coles-CAS/images/3/3/6/3362960-th.jpg', '/wcsstore/Coles-CAS/images/3/3/6/3362960_L-th.jpg', '/wcsstore/Coles-CAS/images/3/3/6/3362960_R-th.jpg', '/wcsstore/Coles-CAS/images/3/3/6/3362960_B-th.jpg']
Tip Top	The One Gluten Free White	$ 6 .00	550g	$1.09 per 100G	"Nutrition Facts
Serving size: 1 serving = 93g
Qty
Quantity
per serving Qty
Quantity
per 100g / 100ml %
Percentage
daily intake*
Energy 939 kJ 1010 kJ 11%
Protein 4.1 g 4.4 g 8%
Total Fat 3.7g 4.0 g 5%
Saturated Fat 0.6 g 0.6 g 2%
Carbohydrate 40.3 g 43.3 g 13%
Sugars 3.5 g 3.8 g 4%
Dietary Fibre Total 6.6 g 7.1 g 22%
Sodium 300 mg 323 mg 13%
Vitamin E 4.7 mg(47% RDI**) 5.0 mg
Not provided
Iron 3.7 mg(31% RDI**) 4.0 mg
Not provided
Zinc 2.2 mg(18% RDI**) 2.4 mg
Not provided
Vitamin B6 0.7 mg(47% RDI**) 0.8 mg
Not provided
*Percentage Daily Intake per serving. Percentage Daily Intakes are based on an average adult diet of 8700 kJ. Your daily intakes may be higher or lower depending on your energy needs.
Disclaimer:
Product details, including nutritional information and country of origin, may change from time to time and so the product you receive in your order may not reflect the information on this page. Please check the packaging on any product you purchase and if it's not what you expected, feel free to return it for a full refund.
Details
Ingredients:
Modified Tapioca Starch (1442, 1412), Water, Rice Flour (12%), Canola Oil, Sugar, Egg White Powder, Soy Flour, Baker's Yeast, Iodised Salt, Vinegar, Vegetable Gum (412), Thickeners (464, 466), Maize Starch, Minerals (Iron, Zinc), Vitamins (Vitamin E, Niacin, Vitamin B6).
Contains:
Egg, Soy.
Allergen:
Contains Egg, Contains Soy
Dietary:
High in Fibre, No Preservatives, No Artificial Flavours or Colours
Servings Per Pack:
6.0
Storage Instructions:
Store in a cool, dry place away from direct sunlight.
Suitable for:
Gluten Free
Usage Instructions:
Once opened, consume within 3 days.
Size:
550 g
Code: 4405660P
4 4 0 5 6 6 0 P
Customers also purchased
Coles IM Free From Fruit Loaf 500g everyday product
Coles IM Free From Fruit Loaf
500g everyday product
$5.95
500g $1.19 per 100G
Unit Price
Add
1
for $5.95

Coles I'M Free From Turkish Bread 200g everyday product
Coles I'M Free From Turkish Bread
200g everyday product
$5.10
200g $2.55 per 100G
Unit Price
Add
1
for $5.10

Coles Gluten Free Bagels 4 Pack 240g everyday product
Coles Gluten Free Bagels 4 Pack
240g everyday product
$5.20
240g $2.17 per 100G
Unit Price
Add
1
for $5.20"	['/wcsstore/Coles-CAS/images/4/4/0/4405660-th.jpg', '/wcsstore/Coles-CAS/images/4/4/0/4405660_L-th.jpg', '/wcsstore/Coles-CAS/images/4/4/0/4405660_R-th.jpg', '/wcsstore/Coles-CAS/images/4/4/0/4405660_B-th.jpg']
Tip Top	Original Thins Sandwich	$ 3 .70	240g	$1.54 per 100G	"Nutrition Facts
Serving size: 1 serving = 40g
Qty
Quantity
per serving Qty
Quantity
per 100g / 100ml %
Percentage
daily intake*
Energy 420 kJ 1050 kJ 5.00%
Energy Cal 100 Cal 250 Cal
Not provided
Protein 3.8 g 9.5 g 8.00%
Total Fat 1.0 g 2.5 g 1.00%
Saturated Fat 0.3 g 0.7 g 1.00%
Carbohydrate 17.2 g 43.0 g 6.00%
Sugars 1.3 g 3.2 g 1.00%
Dietary Fibre Total 2.3 g 5.7 g 8.00%
Sodium 150 mg 375 mg 7%
*Percentage Daily Intake per serving. Percentage Daily Intakes are based on an average adult diet of 8700 kJ. Your daily intakes may be higher or lower depending on your energy needs.
Disclaimer:
Product details, including nutritional information and country of origin, may change from time to time and so the product you receive in your order may not reflect the information on this page. Please check the packaging on any product you purchase and if it's not what you expected, feel free to return it for a full refund.
Details
Ingredients:
Wheat Flour, Water, Wholemeal Wheat Flour (20%), Baker's Yeast, Vegetable Gums (466, 415), Soy Flour, Vinegar, Wheat Gluten, Canola Oil, Iodised Salt, Sugar, Dextrose, Fermented Wheat Flour, Emulsifiers (481, 471, 472e), Vitamins (Thiamin, Folic Acid).
Contains:
Wheat, Gluten, Soy. May Be Present: Other Cereals (Barley, Oats, Rye), Sesame.
Allergen:
May Be Present Barley, May Be Present Oats, May Be Present Rye, May Be Present Sesame, Contains Gluten, Contains Soy, Contains Wheat
Dietary:
No Preservatives, No Artificial Flavours or Colours
Servings Per Pack:
6.0
Storage Instructions:
Store in a cool, dry place away from direct sunlight. See Best Before date on pack. Freezing not recommended.
Suitable for:
FODMAP friendly
Size:
240g
Code: 2917050P
2 9 1 7 0 5 0 P
Customers also purchased
Tip Top Sandwich Thins Lightly Seeded 240g
Tip Top Sandwich Thins Lightly Seeded
240g
$3.70
240g $1.54 per 100G
Unit Price
4.8 (11)
4.8 out of 5 stars from 11 ratings received
Add
1
for $3.70

Tip Top Thins Wholemeal Sandwich 240g
Tip Top Thins Wholemeal Sandwich
240g
$3.70
240g $1.54 per 100G
Unit Price
(0)
0 out of 5 stars from 0 ratings received
Add
1
for $3.70

Tip Top Burger Thins 200g
Tip Top Burger Thins
200g
$3.70
200g $1.85 per 100G
Unit Price
5.0 (6)
5.0 out of 5 stars from 6 ratings received
Add
1
for $3.70

Original Thins Sandwich"	['/wcsstore/Coles-CAS/images/2/9/1/2917050-th.jpg', '/wcsstore/Coles-CAS/images/2/9/1/2917050_L-th.jpg', '/wcsstore/Coles-CAS/images/2/9/1/2917050_R-th.jpg', '/wcsstore/Coles-CAS/images/2/9/1/2917050_B-th.jpg']
Coles	White Large Jumbo Wraps 8 Pack	$ 3 .50	560g	$0.63 per 100G	"Nutrition Facts
Serving size: 1 serving = Approx. 70g (1 wrap)
Qty
Quantity
per serving Qty
Quantity
per 100g / 100ml %
Percentage
daily intake*
Energy 877.66 1253.80
Not provided
Energy Cal 209.97 299.95
Not provided
Protein 5.81 8.30
Not provided
Total Fat 5.04 7.20
Not provided
Saturated Fat 2.66 3.80
Not provided
Trans 0.06 0.09
Not provided
Carbohydrate 33.53 47.90
Not provided
Sugars 1.47 2.10
Not provided
Dietary Fibre Total 2.80 4.00
Not provided
Sodium 259.00 370.00
Not provided
*Percentage Daily Intake per serving. Percentage Daily Intakes are based on an average adult diet of 8700 kJ. Your daily intakes may be higher or lower depending on your energy needs.
Disclaimer:
Product details, including nutritional information and country of origin, may change from time to time and so the product you receive in your order may not reflect the information on this page. Please check the packaging on any product you purchase and if it's not what you expected, feel free to return it for a full refund.
Details
Ingredients:
INGREDIENTS: Wheat Flour [Thiamin, Folic Acid], Water, Vegetable Shortening [Palm Oil], Humectant [422], Conditioner [Vegetable Emulsifiers (471, 481), Soy Flour, Wheat Flour], Oat Fibre, Baking Powder [Raising Agents (501, 541), Wheat Starch], Iodised Salt, Wheat Gluten, Acidity Regulator [297], Thickener [412], Preservative [281], Preservative [200].
Allergen:
Contains SOY, May Be Present MILK, Contains Gluten, May Be Present SESAME, Contains Wheat
Servings Per Pack:
8.0
Storage Instructions:
Store in a cool, dry place. Once opened, consume within 3 days.
Preparation Instructions:
Flex packet before opening to loosen wraps.
Remove freshness sachet.
Microwave all wraps in pack on HIGH for 45 seconds. Time may vary depending on microwave wattage. Decrease time for fewer wraps. Increase time if using a microwave less than 1100 watts.
Code: 4317483P
4 3 1 7 4 8 3 P
Customers also purchased
Coles Soft White Wraps 8 pack 360g
Coles Soft White Wraps 8 pack
360g
$2.20
Until 11 Apr 2023
Was $2.50 Jan 2023
360g $0.61 per 100G
Unit Price
Add
1
for $2.20"	['/wcsstore/Coles-CAS/images/4/3/1/4317483-th.jpg', '/wcsstore/Coles-CAS/images/4/3/1/4317483_B-th.jpg']
Mountain Bread	Natural Wraps 8 Pack	$ 4 .50	200g	$2.25 per 100G	"Nutrition Facts
Serving size: 1 serving = 25g
Qty
Quantity
per serving Qty
Quantity
per 100g / 100ml %
Percentage
daily intake*
Energy 303kj 1210kj
Not provided
Energy Cal 72cal 289cal
Not provided
Protein 2.7g 10.7g
Not provided
Total Fat 0.4g 1.5g
Not provided
Saturated Fat 0.1g 0.4g
Not provided
Carbohydrate 13.9g 55.7g
Not provided
Sugars 0.5g 1.8g
Not provided
Dietary Fibre Total 0.7g 2.9g
Not provided
Sodium 100mg 400mg
Not provided
*Percentage Daily Intake per serving. Percentage Daily Intakes are based on an average adult diet of 8700 kJ. Your daily intakes may be higher or lower depending on your energy needs.
Disclaimer:
Product details, including nutritional information and country of origin, may change from time to time and so the product you receive in your order may not reflect the information on this page. Please check the packaging on any product you purchase and if it's not what you expected, feel free to return it for a full refund.
Details
Ingredients:
Organic Wholemeal Flour (70%), Organic Wheat Flour, Filtered Water, Sea Salt
Allergen:
Contains Gluten, Contains Wheat
Dietary:
98% Fat Free
Servings Per Pack:
8.0
Storage Instructions:
After opening consume within 5 days at room temperature or refrigerate at 4 degrees for 15 days.
Size:
200g
Code: 9280325P
9 2 8 0 3 2 5 P
Customers also purchased
Mountain Bread Rye Wraps 8 pack 200g
Mountain Bread Rye Wraps 8 pack
200g
$4.50
200g $2.25 per 100G
Unit Price
Add
1
for $4.50"	[]
Tip Top	Sunblest Soft White Toast Bread	$ 3 .50	650g	$0.54 per 100G	"Nutrition Facts
Serving size: 1 serving = 68.5g
Qty
Quantity
per serving Qty
Quantity
per 100g / 100ml %
Percentage
daily intake*
Energy 699kJ 1020kJ 8%
Protein 5.8g 8.4g 12%
Total Fat 1.4g 2.0g 2%
Saturated Fat 0.4g 0.6g 2%
Carbohydrate 31.7g 46.3g 10%
Sugars 1.6g 2.4g 2%
Dietary Fibre Total 1.8g 2.7g 6%
Sodium 274mg 400mg 12%
*Percentage Daily Intake per serving. Percentage Daily Intakes are based on an average adult diet of 8700 kJ. Your daily intakes may be higher or lower depending on your energy needs.
Disclaimer:
Product details, including nutritional information and country of origin, may change from time to time and so the product you receive in your order may not reflect the information on this page. Please check the packaging on any product you purchase and if it's not what you expected, feel free to return it for a full refund.
Details
Ingredients:
Unbleached Wheat Flour, Water, Baker's Yeast, Vinegar, Iodised Salt, Canola Oil, Soy Flour, Wheat Gluten, Emulsifiers (481), Vitamins (Thiamin, Folic Acid).
Contains:
Gluten Cereals and Soy.
Allergen:
May Be Present Milk, May Be Present Sesame, Contains Gluten, Contains Soy, May Be Present Fish, Contains Cereals
Dietary:
No Added Sugars, No Preservatives, No Artificial Flavours or Colours
Servings Per Pack:
9.5
Storage Instructions:
Store in a cool, dry place away from direct sunlight. Enjoy this loaf fresh, or freeze or store it for up to 4 months at or below -15C. On thawing, best consumed immediately.
Suitable for:
Suitable for Vegans and Vegetarians
Size:
650g
Code: 7953957P
7 9 5 3 9 5 7 P
Customers also purchased
Tip Top Sunblest White Bread 650g everyday product
Tip Top Sunblest White Bread
650g everyday product
$3.50
650g $0.54 per 100G
Unit Price
5.0 (11)
5.0 out of 5 stars from 11 ratings received
Add
1
for $3.50

Tip Top Sunblest Wholemeal Sandwich Bread 650g everyday product
Tip Top Sunblest Wholemeal Sandwich Bread
650g everyday product
$3.50
650g $0.54 per 100G
Unit Price
4.8 (6)
4.8 out of 5 stars from 6 ratings received
Add
1
for $3.50

Abbott's Bakery Country Grains Bread 800g
Abbott's Bakery Country Grains Bread
800g
$4.30
Until 18 Apr 2023
800g $0.54 per 100G
Unit Price
4.6 (5)
4.6 out of 5 stars from 5 ratings received
Add
1
for $4.30

Sunblest Soft White Toast Bread"	['/wcsstore/Coles-CAS/images/7/9/5/7953957-th.jpg', '/wcsstore/Coles-CAS/images/7/9/5/7953957_L-th.jpg', '/wcsstore/Coles-CAS/images/7/9/5/7953957_R-th.jpg', '/wcsstore/Coles-CAS/images/7/9/5/7953957_B-th.jpg']
Tip Top	Sunblest Wholemeal Sandwich Bread	$ 3 .50	650g	$0.54 per 100G	"Nutrition Facts
Serving size: 1 serving = 60g
Qty
Quantity
per serving Qty
Quantity
per 100g / 100ml %
Percentage
daily intake*
Energy 587kJ 978kJ 7%
Protein 5.8g 9.6g 12%
Total Fat 1.8g 3g 3%
Saturated Fat 0.3g 0.5g 1.00%
Carbohydrate 22.7g 37.9g 7%
Sugars 1.2g 2.0g 1%
Dietary Fibre Total 4.6g 7.6g 15%
Sodium 215mg 359mg 9^
*Percentage Daily Intake per serving. Percentage Daily Intakes are based on an average adult diet of 8700 kJ. Your daily intakes may be higher or lower depending on your energy needs.
Disclaimer:
Product details, including nutritional information and country of origin, may change from time to time and so the product you receive in your order may not reflect the information on this page. Please check the packaging on any product you purchase and if it's not what you expected, feel free to return it for a full refund.
Details
Ingredients:
Wholemeal Whole Grain Wheat Flour (42%), Water, Unbleached Wheat Flour, Baker's Yeast, Wheat Gluten, Vinegar, Iodised Salt, Canola Oil, Soy Flour, Emulsifiers (481, 472e), Vitamins (Thiamin, Folic Acid).
Contains:
Gluten, Cereals & Soy.
Allergen:
May Be Present Sesame, Contains Gluten, Contains Soy, Contains Cereals
Dietary:
No Added Sugars, No Preservatives, No Artificial Flavours or Colours
Servings Per Pack:
11.0
Storage Instructions:
Store in a cool, dry place away from direct sunlight. Enjoy this loaf fresh, or freeze and store it for up to 4 months at or below -15C. On thawing, best consumed immediately.
Size:
650g
Code: 9395101P
9 3 9 5 1 0 1 P
Customers also purchased
Tip Top The One Wholemeal Sandwich Bread 700g everyday product
Tip Top The One Wholemeal Sandwich Bread
700g everyday product
$3.90
700g $0.56 per 100G
Unit Price
4.7 (9)
4.7 out of 5 stars from 9 ratings received
Add
1
for $3.90

Tip Top Sunblest White Bread 650g everyday product
Tip Top Sunblest White Bread
650g everyday product
$3.50
650g $0.54 per 100G
Unit Price
5.0 (11)
5.0 out of 5 stars from 11 ratings received
Add
1
for $3.50

Tip Top Sunblest Soft White Toast Bread 650g everyday product
Tip Top Sunblest Soft White Toast Bread
650g everyday product
$3.50
650g $0.54 per 100G
Unit Price
4.8 (15)
4.8 out of 5 stars from 15 ratings received
Add
1
for $3.50

Sunblest Wholemeal Sandwich Bread"	['/wcsstore/Coles-CAS/images/9/3/9/9395101-th.jpg', '/wcsstore/Coles-CAS/images/9/3/9/9395101_L-th.jpg', '/wcsstore/Coles-CAS/images/9/3/9/9395101_R-th.jpg', '/wcsstore/Coles-CAS/images/9/3/9/9395101_B-th.jpg']
Abe's Bagels	Natural Bagels 4 Pack	$ 5 .50	360g	$1.53 per 100G	"Nutrition Facts
Serving size: 1 serving = 90g (1 bagel)
Qty
Quantity
per serving Qty
Quantity
per 100g / 100ml %
Percentage
daily intake*
Energy 1035 1150 12
Energy Cal 247 275 12
Protein 8.6 9.6 17
Total Fat 1.1 1.2 2
Saturated Fat 0.3 0.3 1
Trans less than 0.1 less than 0.1
Not provided
Polyunsaturated 0.6 0.7
Not provided
Mono Unsaturated 0.2 0.2
Not provided
Carbohydrate 50 55.6 16
Sugars 6.3 7 7
Sodium 319 354 14
*Percentage Daily Intake per serving. Percentage Daily Intakes are based on an average adult diet of 8700 kJ. Your daily intakes may be higher or lower depending on your energy needs.
Disclaimer:
Product details, including nutritional information and country of origin, may change from time to time and so the product you receive in your order may not reflect the information on this page. Please check the packaging on any product you purchase and if it's not what you expected, feel free to return it for a full refund.
Details
Country of Origin:
Made in New Zealand
Ingredients:
Wheat Flour, Water, Bagel Base [Sugar, Enriched Wheat Flour, Malted Barley Flour, Emulsifier (Mono- and Diglycerides), Wheat Gluten, Firming Agent (Calcium Sulfate), Antioxidant (Ascorbic Acid), Salt, Enzymes], Cornmeal, Wheat Gluten, Vinegar, Iodised Salt, Yeast, Dough Conditioner [Wheat Flour, Firming Agent (Calcium Sulfate), Salt, Enzymes (contains Wheat)], Acidity Regulator (Calcium Acetate).
Allergen:
Contains Barley, Contains Gluten, Contains Wheat
Dietary:
No Artificial Flavours or Colours
Servings Per Pack:
4.0
Storage Instructions:
Keep your bagels in this bag and keep 'em cool. Or freeze 'em for later.
Size:
4pk
Preparation Instructions:
Lightly toast
Code: 2901978P
2 9 0 1 9 7 8 P
Customers also purchased
Abe's Bagels Sesame Seed Bagels 4 Pack 360g
Abe's Bagels Sesame Seed Bagels 4 Pack
360g
$5.50
360g $1.53 per 100G
Unit Price
Add
1
for $5.50

Abe's Bagels 4 Pack 360g
Abe's Bagels 4 Pack
360g
$5.50
360g $1.53 per 100G
Unit Price
Add
1
for $5.50

Abes Bagels Multigrain 4 Pack 360g
Abes Bagels Multigrain 4 Pack
360g
$5.50
360g $1.53 per 100G
Unit Price
Add
1
for $5.50"	[]
Tip Top	Sandwich Thins Lightly Seeded	$ 3 .70	240g	$1.54 per 100G	"Nutrition Facts
Serving size: 1 serving = 40g
Qty
Quantity
per serving Qty
Quantity
per 100g / 100ml %
Percentage
daily intake*
Energy 452 kJ 1130 kJ 5.00%
Energy Cal 108 Cal 270 Cal
Not provided
Protein 3.6 g 9.0 g 7%
Total Fat 0.8 g 2.1 g 1.00%
Saturated Fat 0.2 g 0.6 g 1.00%
Carbohydrate 18.0 g 45.0 g 6.00%
Sugars 1.2 g 3.1 g 1.00%
Dietary Fibre Total 1.9 g 4.8 g 6.00%
Sodium 146 mg 366 mg 6.00%
*Percentage Daily Intake per serving. Percentage Daily Intakes are based on an average adult diet of 8700 kJ. Your daily intakes may be higher or lower depending on your energy needs.
Disclaimer:
Product details, including nutritional information and country of origin, may change from time to time and so the product you receive in your order may not reflect the information on this page. Please check the packaging on any product you purchase and if it's not what you expected, feel free to return it for a full refund.
Details
Ingredients:
Wheat Flour, Water, Baker's Yeast, Wholemeal Wheat Flour, Red Quinoa (3%), Vegetable Gums (466, 415), Soy Flour, Vinegar, Wheat Gluten, Iodised Salt, Sugar, Canola Oil, Dextrose, Fermented Wheat Flour, Emulsifiers (481, 471, 472e), Vitamins (Thiamin, Folic Acid).
Contains:
Wheat, Gluten, Soy.May Be Present: Other Cereals (Barley, Oats, Rye), Sesame.
Allergen:
May Be Present Barley, May Be Present Oats, May Be Present Rye, May Be Present Sesame, Contains Gluten, Contains Soy, Contains Wheat
Dietary:
No Preservatives, No Artificial Flavours or Colours
Servings Per Pack:
6.0
Storage Instructions:
Store in a cool, dry place away from direct sunlight. See Best Before date on pack. Freezing not recommended.
Suitable for:
FODMAP friendly
Size:
240g
Code: 2917071P
2 9 1 7 0 7 1 P
Customers also purchased
Tip Top Original Thins Sandwich 240g
Tip Top Original Thins Sandwich
240g
$3.70
240g $1.54 per 100G
Unit Price
5.0 (7)
5.0 out of 5 stars from 7 ratings received
Add
1
for $3.70

Tip Top Thins Wholemeal Sandwich 240g
Tip Top Thins Wholemeal Sandwich
240g
$3.70
240g $1.54 per 100G
Unit Price
(0)
0 out of 5 stars from 0 ratings received
Add
1
for $3.70

Tip Top Burger Thins 200g
Tip Top Burger Thins
200g
$3.70
200g $1.85 per 100G
Unit Price
5.0 (6)
5.0 out of 5 stars from 6 ratings received
Add
1
for $3.70

Sandwich Thins Lightly Seeded"	['/wcsstore/Coles-CAS/images/2/9/1/2917071-th.jpg', '/wcsstore/Coles-CAS/images/2/9/1/2917071_L-th.jpg', '/wcsstore/Coles-CAS/images/2/9/1/2917071_R-th.jpg', '/wcsstore/Coles-CAS/images/2/9/1/2917071_B-th.jpg']
Tip Top	Burger Thins	$ 3 .70	200g	$1.85 per 100G	"Nutrition Facts
Serving size: 1 serving = 34g
Qty
Quantity
per serving Qty
Quantity
per 100g / 100ml %
Percentage
daily intake*
Energy 350 kJ 1030 kJ 4.00%
Energy Cal 84 Cal 246 Cal
Not provided
Protein 3.2 g 9.3 g 6.00%
Total Fat 0.9 g 2.7 g 1.00%
Saturated Fat 0.2 g 0.5 g 0.70%
Carbohydrate 14.7g 43.3 g 5.00%
Sugars 1.6 g 4.7 g 2.00%
Dietary Fibre Total 1.8 g 5.3 g 6.00%
Sodium 133 mg 391 mg 6.00%
*Percentage Daily Intake per serving. Percentage Daily Intakes are based on an average adult diet of 8700 kJ. Your daily intakes may be higher or lower depending on your energy needs.
Disclaimer:
Product details, including nutritional information and country of origin, may change from time to time and so the product you receive in your order may not reflect the information on this page. Please check the packaging on any product you purchase and if it's not what you expected, feel free to return it for a full refund.
Details
Ingredients:
Wheat Flour, Water, Baker's Yeast, Wheat Bran, Wheat Germ, Vegetable Gums (466, 415), Soy Flour, Wheat Gluten, Vinegar, Canola Oil, Iodised Salt, Sugar, Dextrose, Fermented Wheat Flour, Emulsifiers (481, 471, 472e), Vitamins (Thiamin, Folic Acid).
Contains:
Wheat, Gluten, Soy. May Be Present: Other Cereals (Barley, Oats, Rye), Sesame.
Allergen:
May Be Present Barley, May Be Present Oats, May Be Present Rye, May Be Present Sesame, Contains Gluten, Contains Soy, Contains Wheat
Dietary:
No Preservatives, No Artificial Flavours or Colours
Servings Per Pack:
6.0
Storage Instructions:
Store in a cool, dry place away from direct sunlight. See Best Before date on pack. Freezing not recommended.
Suitable for:
FODMAP friendly
Size:
200g
Code: 3612706P
3 6 1 2 7 0 6 P
Customers also purchased
Tip Top Sandwich Thins Lightly Seeded 240g
Tip Top Sandwich Thins Lightly Seeded
240g
$3.70
240g $1.54 per 100G
Unit Price
4.8 (11)
4.8 out of 5 stars from 11 ratings received
Add
1
for $3.70

Tip Top Original Thins Sandwich 240g
Tip Top Original Thins Sandwich
240g
$3.70
240g $1.54 per 100G
Unit Price
5.0 (7)
5.0 out of 5 stars from 7 ratings received
Add
1
for $3.70

Tip Top Thins Wholemeal Sandwich 240g
Tip Top Thins Wholemeal Sandwich
240g
$3.70
240g $1.54 per 100G
Unit Price
(0)
0 out of 5 stars from 0 ratings received
Add
1
for $3.70

Burger Thins"	['/wcsstore/Coles-CAS/images/3/6/1/3612706-th.jpg', '/wcsstore/Coles-CAS/images/3/6/1/3612706_L-th.jpg', '/wcsstore/Coles-CAS/images/3/6/1/3612706_R-th.jpg', '/wcsstore/Coles-CAS/images/3/6/1/3612706_B-th.jpg']
Tip Top	Oatilicious Wholemeal Bread	$ 4 .00	700g	$0.57 per 100G	"Nutrition Facts
Serving size: 1 serving = 74g
Qty
Quantity
per serving Qty
Quantity
per 100g / 100ml %
Percentage
daily intake*
Energy 747kJ 1010kJ 9%
Protein 7.7g 10.4g 15%
Total Fat 3.1g 4.2g 4%
Saturated Fat 0.5g 0.7g 2%
Carbohydrate 27.5g 37.1g 9%
Sugars 2.1g 2.9g 2%
Dietary Fibre Total 4.7g 6.4g 16%
Sodium 241mg 325mg 10%
*Percentage Daily Intake per serving. Percentage Daily Intakes are based on an average adult diet of 8700 kJ. Your daily intakes may be higher or lower depending on your energy needs.
Disclaimer:
Product details, including nutritional information and country of origin, may change from time to time and so the product you receive in your order may not reflect the information on this page. Please check the packaging on any product you purchase and if it's not what you expected, feel free to return it for a full refund.
Details
Ingredients:
Whole Grain Wholemeal Wheat Flour (41%), Water, Oat Bran (15%), Wheat Flour, Wheat Gluten, Baker's Yeast, Vinegar, Canola Oil, Iodised Salt, Soy Flour, Vegetable Gum (412), Oats (0.3%), Vegetable Emulsifiers (481, 472 e), Vitamins (Thiamin, Folic Acid)
Contains:
Wheat, Gluten, Soy. May be present: Other Cereals (Barley, Rye), Sesame.
Allergen:
May Be Present Cereals, May Be Present Barley, May Be Present Rye, May Be Present Sesame, Contains Gluten, Contains Soy, Contains Wheat
Dietary:
No Preservatives, No Artificial Flavours or Colours
Servings Per Pack:
9.5
Storage Instructions:
Store in a cool, dry place away from direct sunlight. Enjoy this loaf fresh, or freeze and store it for up to 4 months at or below -15C. On thawing, best consumed immediately.
Size:
700g
Code: 4986315P
4 9 8 6 3 1 5 P
Oatilicious Wholemeal Bread"	['/wcsstore/Coles-CAS/images/4/9/8/4986315-th.jpg', '/wcsstore/Coles-CAS/images/4/9/8/4986315_L-th.jpg', '/wcsstore/Coles-CAS/images/4/9/8/4986315_R-th.jpg', '/wcsstore/Coles-CAS/images/4/9/8/4986315_B-th.jpg']
Coles Finest	By Laurent Traditional Brioche Burger Buns	$ 2 .40	2 pack	$1.20 per 1Ea	"Nutrition Facts
Serving size: 1 serving = 65
Qty
Quantity
per serving Qty
Quantity
per 100g / 100ml %
Percentage
daily intake*
Energy 971.23 1494.20 11
Energy Cal 232.35 357.46
Not provided
Protein 6.31 9.70 13
Total Fat 8.84 13.60 13
Saturated Fat 5.59 8.60 23
Carbohydrate 31.01 47.70 10
Sugars 7.02 10.80 8
Dietary Fibre Total 1.24 1.90 4
Sodium 240.50 370.00 10
*Percentage Daily Intake per serving. Percentage Daily Intakes are based on an average adult diet of 8700 kJ. Your daily intakes may be higher or lower depending on your energy needs.
Disclaimer:
Product details, including nutritional information and country of origin, may change from time to time and so the product you receive in your order may not reflect the information on this page. Please check the packaging on any product you purchase and if it's not what you expected, feel free to return it for a full refund.
Details
Country of Origin:
Product of Mixed Origin
Ingredients:
INGREDIENTS: Wheat Flour, Water, Butter (13%) [Cream, Water], Egg (11%), Sugar, Milk Powder, Improver [Enzyme, Malted Wheat, Wheat Flour], Sesame Seeds (1.0%), Salt, Wheat Gluten, Yeast, Vitamins [Folic Acid, Thiamine].
Allergen:
Contains SESAME, Contains MILK, Contains EGG, Contains CEREALS CONTAINING GLUTEN, Contains Wheat
Servings Per Pack:
2.0
Storage Instructions:
Store in a cool, dry place
Code: 3326161P
3 3 2 6 1 6 1 P
Customers also purchased
Tip Top White Bread Hot Dog Rolls 6 pack
Tip Top White Bread Hot Dog Rolls
6 pack
$3.50
Until 11 Apr 2023
Was $4.30 Dec 2022
6 pack $0.58 per 1Ea
Unit Price
4.8 (8)
4.8 out of 5 stars from 8 ratings received
Add
1
for $3.50

Coles Brioche Hamburger Buns 4 Pack 200g
Coles Brioche Hamburger Buns 4 Pack
200g
$3.30
200g $1.65 per 100G
Unit Price
Add
1
for $3.30

Coles Brioche Hot Dog Roll 6 Pack 270g
Coles Brioche Hot Dog Roll 6 Pack
270g
$3.30
270g $1.22 per 100G
Unit Price
Add
1
for $3.30"	['/wcsstore/Coles-CAS/images/3/3/2/3326161-th.jpg', '/wcsstore/Coles-CAS/images/3/3/2/3326161_B-th.jpg']
Tip Top	The One Gluten Free Smooth Wholegrain	$ 6 .00	550g	$1.09 per 100G	"Nutrition Facts
Serving size: 1 serving = 93g
Qty
Quantity
per serving Qty
Quantity
per 100g / 100ml %
Percentage
daily intake*
Energy 949 kJ 1020 kJ 11%
Protein 4.9 g 5.3 g 10%
Total Fat 3.7g 4.0 g 5%
Saturated Fat 0.4 g 0.4 g 2%
Carbohydrate 39.9 g 42.9 g 13%
Sugars 4.8 g 5.2 g 5%
Dietary Fibre Total 6.1 g 6.6 g 20%
Sodium 312 mg 335 mg 14%
Vitamin E 4.7 mg(47% RDI**) 5.0 mg
Not provided
Iron 4.4 mg(36% RDI**) 4.7 mg
Not provided
Zinc 2.8 mg(23% RDI**) 3.0 mg
Not provided
Vitamin B6 0.7 mg(47% RDI**) 0.8 mg
Not provided
*Percentage Daily Intake per serving. Percentage Daily Intakes are based on an average adult diet of 8700 kJ. Your daily intakes may be higher or lower depending on your energy needs.
Disclaimer:
Product details, including nutritional information and country of origin, may change from time to time and so the product you receive in your order may not reflect the information on this page. Please check the packaging on any product you purchase and if it's not what you expected, feel free to return it for a full refund.
Details
Ingredients:
Water, Modified Tapioca Starch (1442, 1412), Rice Flour, Whole Grain Wholemeal Gluten Free Flour (9%) (Wholemeal Rice Flour, Wholemeal Millet Flour, Wholemeal Buckwheat Flour, Wholemeal Brown Teff Flour, Wholemeal Quinoa Flour), Canola Oil, Sugar, Egg White Powder, Soy Flour, Baker's Yeast, Linseed Powder, Iodised Salt, Vinegar, Maize Starch, Thickeners (464, 466), Vegetable Gum (412), Minerals (Iron, Zinc), Vitamins (Vitamin E, Niacin, Vitamin B6).
Contains:
Egg, Soy.
Allergen:
Contains Egg, Contains Soy
Dietary:
No Preservatives, No Artificial Flavours or Colours
Servings Per Pack:
6.0
Storage Instructions:
Store in a cool, dry place away from direct sunlight.
Suitable for:
Gluten Free
Size:
550g
Code: 5749734P
5 7 4 9 7 3 4 P
Customers also purchased
Country Life Gluten Free Low GI Bread 580g
Country Life Gluten Free Low GI Bread
580g
$6.70
580g $1.16 per 100G
Unit Price
Add
1
for $6.70

Coles IM Free From Fruit Loaf 500g everyday product
Coles IM Free From Fruit Loaf
500g everyday product
$5.95
500g $1.19 per 100G
Unit Price
Add
1
for $5.95

Tip Top The One Gluten Free White 550g on special
Tip Top The One Gluten Free White
550g on special
$6.00
save
$0.80
550g $1.09 per 100G
Unit Price
Add
1
for $6.00

Old Time Bakery Gluten Free Lebanese Bread 280g
Old Time Bakery Gluten Free Lebanese Bread
280g
$6.50
280g $2.32 per 100G
Unit Price
Add
1
for $6.50"	['/wcsstore/Coles-CAS/images/5/7/4/5749734-th.jpg', '/wcsstore/Coles-CAS/images/5/7/4/5749734_L-th.jpg', '/wcsstore/Coles-CAS/images/5/7/4/5749734_R-th.jpg', '/wcsstore/Coles-CAS/images/5/7/4/5749734_B-th.jpg']
Abe's Bagels	4 Pack	$ 5 .50	360g	$1.53 per 100G	"Nutrition Facts
Serving size: 1 serving = 90g (1 bagel)
Qty
Quantity
per serving Qty
Quantity
per 100g / 100ml %
Percentage
daily intake*
Energy 1035 1150 12.0%
Energy Cal 247 275 17.0%
Protein 8.7 9.6 2.0%
Total Fat 1.7 1.9 2.0%
Saturated Fat 0.4 0.5
Not provided
Trans less than 0.1 less than 0.1
Not provided
Polyunsaturated 0.9 1
Not provided
Mono Unsaturated 0.4 0.4
Not provided
Carbohydrate 48.5 53.9 16.0%
Sugars 2.5 2.8 3.0%
Sodium 432 480 19.0%
*Percentage Daily Intake per serving. Percentage Daily Intakes are based on an average adult diet of 8700 kJ. Your daily intakes may be higher or lower depending on your energy needs.
Disclaimer:
Product details, including nutritional information and country of origin, may change from time to time and so the product you receive in your order may not reflect the information on this page. Please check the packaging on any product you purchase and if it's not what you expected, feel free to return it for a full refund.
Details
Country of Origin:
Made in New Zealand
Ingredients:
Wheat Flour, Water, Bagel Base [Sugar, Enriched Wheat Flour, Malted Barley Flour, Emulsifier (Mono- and Diglycerides), Wheat Gluten, Firming Agent (Calcium Sulfate), Antioxidant (Ascorbic Acid), Salt, Enzymes], Everything Topping (4%), (Poppy Seed, Sesame Seed, Ground Onion, Himalayan Rock Salt, Garlic Flakes), Cornmeal, Wheat Gluten, Vinegar, Iodised Salt, Yeast, Dough Conditioner [Wheat Flour, Firming Agent (Calcium Sulfate), Salt, Enzymes (contains Wheat)], Acidity Regulator (Calcium Acetate).
Allergen:
Contains Barley, Contains Gluten, Contains Wheat
Dietary:
No Artificial Flavours or Colours
Servings Per Pack:
4.0
Storage Instructions:
Keep your bagels in this bag and keep 'em cool. Or freeze 'em for later.
Size:
4pk
Preparation Instructions:
Lightly toast
Code: 3576828P
3 5 7 6 8 2 8 P
Customers also purchased
Abe's Bagels Natural Bagels 4 Pack 360g
Abe's Bagels Natural Bagels 4 Pack
360g
$5.50
360g $1.53 per 100G
Unit Price
Add
1
for $5.50

Abe's Bagels Sesame Seed Bagels 4 Pack 360g
Abe's Bagels Sesame Seed Bagels 4 Pack
360g
$5.50
360g $1.53 per 100G
Unit Price
Add
1
for $5.50"	[]
Coles	85% Lower Carb High Protein Loaf	$ 5 .40	500g	$1.08 per 100G	"Nutrition Facts
Serving size: 1 serving = 2 Slices (approx. 77g)
Qty
Quantity
per serving Qty
Quantity
per 100g / 100ml %
Percentage
daily intake*
Energy 827 1070 10
Energy Cal 198 257
Not provided
Protein 21.4 27.8 43
Total Fat 9.2 12.0 13
Saturated Fat 1.3 1.7 5
Trans LESS THAN 0.1g LESS THAN 0.1g
Not provided
Polyunsaturated 5.2 6.7 0
Mono Unsaturated 2.6 3.4 0
Carbohydrate 3.1 4.0 1
Sugars 0.85 1.1 1
Dietary Fibre Total 8.55 11.1 28
Sodium 277 360 12
Omega-6 4.9 6.3
Not provided
*Percentage Daily Intake per serving. Percentage Daily Intakes are based on an average adult diet of 8700 kJ. Your daily intakes may be higher or lower depending on your energy needs.
Disclaimer:
Product details, including nutritional information and country of origin, may change from time to time and so the product you receive in your order may not reflect the information on this page. Please check the packaging on any product you purchase and if it's not what you expected, feel free to return it for a full refund.
Details
Ingredients:
INGREDIENTS: Water, Wheat Protein, Soy Protein, Brown Linseed (7%), Golden Linseed (6%), Sunflower Seeds (6%), Soybean Meal, Soy Flour, Wheat Bran, Wheat Fibre, Vinegar, Iodised Salt, Yeast, Acidity Regulator (262), Soy Lecithin.
Allergen:
May Contain Walnut, May Contain EGG, May Contain MILK, Contains SOY, May Contain SESAME, May Contain Hazelnuts, May Contain Lupin, Contains Gluten, Contains Wheat
Servings Per Pack:
6.5
Storage Instructions:
Do not refreeze after thawingrnSuitable for freezing
Code: 4654155P
4 6 5 4 1 5 5 P
Customers also purchased
Coles 85% Lower Carb High Protein Rolls 2 Pack 140g on special
Coles 85% Lower Carb High Protein Rolls 2 Pack
140g on special
$1.70
save
$1.70
140g $1.21 per 100G
Unit Price
Add
1
for $1.70

Coles Happy Gut Wholemeal 700g
Coles Happy Gut Wholemeal
700g
$3.00
Until 11 Apr 2023
Was $3.30 Jan 2023
700g $0.43 per 100G
Unit Price
Add
1
for $3.00"	['/wcsstore/Coles-CAS/images/4/6/5/4654155-th.jpg', '/wcsstore/Coles-CAS/images/4/6/5/4654155_L-th.jpg', '/wcsstore/Coles-CAS/images/4/6/5/4654155_R-th.jpg', '/wcsstore/Coles-CAS/images/4/6/5/4654155_B-th.jpg']
Tip Top	Oatilicious White Bread	$ 4 .00	700g	$0.57 per 100G	"Nutrition Facts
Serving size: 1 serving = 74g
Qty
Quantity
per serving Qty
Quantity
per 100g / 100ml %
Percentage
daily intake*
Energy 770kJ 1040kJ 9%
Protein 7.6g 10.3g 15%
Total Fat 3.2g 4.3g 5%
Saturated Fat 0.5g 0.7g 2%
Carbohydrate 28.8g 38.9g 9%
Sugars 1.9g 2.6g 2%
Dietary Fibre Total 4.3g 5.8g 14%
Sodium 216mg 292mg 9%
*Percentage Daily Intake per serving. Percentage Daily Intakes are based on an average adult diet of 8700 kJ. Your daily intakes may be higher or lower depending on your energy needs.
Disclaimer:
Product details, including nutritional information and country of origin, may change from time to time and so the product you receive in your order may not reflect the information on this page. Please check the packaging on any product you purchase and if it's not what you expected, feel free to return it for a full refund.
Details
Ingredients:
Sliced White Bread.INGREDIENTSWheat Flour, Water, Oat Bran (16%), Baker's Yeast, Wheat Gluten, Vinegar, Vegetable Gum (412), Iodised Salt, Canola Oil, Soy Flour, Oats (0.3%), Vegetable Emulsifier (481), Vitamins (Thiamin, Folic Acid)
Contains:
Wheat, Gluten, Soy. May be present: Other Cereals (Barley, Rye), Sesame.
Allergen:
May Be Present Cereals, May Be Present Barley, May Be Present Rye, May Be Present Sesame, Contains Gluten, Contains Soy, Contains Wheat
Dietary:
High in Fibre, Low GI, No Preservatives, No Artificial Flavours or Colours
Servings Per Pack:
9.5
Storage Instructions:
Store in a cool, dry place away from direct sunlight. Enjoy this loaf fresh, or freeze and store it for up to 4 months at or below -15C. On thawing, best consumed immediately.
Suitable for:
Vegans and Vegetarians
Size:
700g
Code: 4986304P
4 9 8 6 3 0 4 P
Customers also purchased
Coles White Bread 650g everyday product
Coles White Bread
650g everyday product
$1.90
650g $0.29 per 100G
Unit Price
Add
1
for $1.90

Wonder White Bread Wholegrain Smooth 700g everyday product
Wonder White Bread Wholegrain Smooth
700g everyday product
$3.90
700g $0.56 per 100G
Unit Price
Add
1
for $3.90

Helgas Mini Loaf Mixed Grain 415g
Helgas Mini Loaf Mixed Grain
415g
$3.40
415g $0.82 per 100G
Unit Price
Add
1
for $3.40

Oatilicious White Bread"	['/wcsstore/Coles-CAS/images/4/9/8/4986304-th.jpg', '/wcsstore/Coles-CAS/images/4/9/8/4986304_L-th.jpg', '/wcsstore/Coles-CAS/images/4/9/8/4986304_R-th.jpg', '/wcsstore/Coles-CAS/images/4/9/8/4986304_B-th.jpg']
Coles	85% Lower Carb High Protein Rolls 2 Pack	$ 1 .70	140g	$1.21 per 100G	"Nutrition Facts
Serving size: 1 serving = 1 Roll (approx. 70g)
Qty
Quantity
per serving Qty
Quantity
per 100g / 100ml %
Percentage
daily intake*
Energy 751 1070 9
Energy Cal 179.76 256.79
Not provided
Protein 19.5 27.8 39
Total Fat 8.4 12.0 12
Saturated Fat 1.2 1.7 5
Mono Unsaturated 2.39 3.42
Not provided
Carbohydrate 2.8 4.0 1
Sugars 0.77 1.1
Not provided
Dietary Fibre Total 7.77 11.1
Not provided
Sodium 252 360 11
Omega-6 4.41 6.3
Not provided
*Percentage Daily Intake per serving. Percentage Daily Intakes are based on an average adult diet of 8700 kJ. Your daily intakes may be higher or lower depending on your energy needs.
Disclaimer:
Product details, including nutritional information and country of origin, may change from time to time and so the product you receive in your order may not reflect the information on this page. Please check the packaging on any product you purchase and if it's not what you expected, feel free to return it for a full refund.
Details
Ingredients:
INGREDIENTS: Water, Wheat Protein, Soy Protein, Brown Linseed (7%), Golden Linseed (6%), Sunflower Seeds (6%), Soybean Meal, Soy Flour, Wheat Bran, Wheat Fibre, Vinegar, Iodised Salt, Yeast, Acidity Regulator (262), Soy Lecithin.
Allergen:
Contains SOY, Contains Gluten, Contains Wheat
Servings Per Pack:
2.0
Code: 4654166P
4 6 5 4 1 6 6 P
Customers also purchased
Coles 85% Lower Carb High Protein Loaf 500g everyday product
Coles 85% Lower Carb High Protein Loaf
500g everyday product
$5.40
500g $1.08 per 100G
Unit Price
Add
1
for $5.40

Coles Happy Gut Wholemeal 700g
Coles Happy Gut Wholemeal
700g
$3.00
Until 11 Apr 2023
Was $3.30 Jan 2023
700g $0.43 per 100G
Unit Price
Add
1
for $3.00

Coles Happy Gut Multigrain 700g
Coles Happy Gut Multigrain
700g
$3.00
Until 11 Apr 2023
Was $3.30 Jan 2023
700g $0.43 per 100G
Unit Price
Add
1
for $3.00

Coles Happy Gut White 700g
Coles Happy Gut White
700g
$3.00
Until 11 Apr 2023
Was $3.30 Jan 2023
700g $0.43 per 100G
Unit Price
Add
1
for $3.00"	['/wcsstore/Coles-CAS/images/4/6/5/4654166-th.jpg', '/wcsstore/Coles-CAS/images/4/6/5/4654166_L-th.jpg', '/wcsstore/Coles-CAS/images/4/6/5/4654166_R-th.jpg', '/wcsstore/Coles-CAS/images/4/6/5/4654166_B-th.jpg']
Edgell	Snack Time Chick Peas With Olive Oil & Seaslt	$ 1 .60	70g	$22.86 per 1Kg	"Nutrition Facts
Serving size: 1 serving = 70g
Qty
Quantity
per serving Qty
Quantity
per 100g / 100ml %
Percentage
daily intake*
Energy 624kJ 891kJ
Not provided
Protein 5g 7.1g
Not provided
Total Fat 8.5g 12.2g
Not provided
Saturated Fat 1.3g 1.8g
Not provided
Carbohydrate 11.6g 16.5g
Not provided
Sugars 0.6g 0.8g
Not provided
Dietary Fibre Total 3.4g 4.8g
Not provided
Sodium 177mg 253mg
Not provided
*Percentage Daily Intake per serving. Percentage Daily Intakes are based on an average adult diet of 8700 kJ. Your daily intakes may be higher or lower depending on your energy needs.
Disclaimer:
Product details, including nutritional information and country of origin, may change from time to time and so the product you receive in your order may not reflect the information on this page. Please check the packaging on any product you purchase and if it's not what you expected, feel free to return it for a full refund.
Details
Country of Origin:
Made in Thailand
Ingredients:
Cooked chick peas (71%), olive oil (15%), water, sea salt (0.6%).
Servings Per Pack:
1.0
Dimensions:
39 x 65 x 65mm
Size:
70g
Code: 3592824P
3 5 9 2 8 2 4 P"	['/wcsstore/Coles-CAS/images/3/5/9/3592824-th.jpg', '/wcsstore/Coles-CAS/images/3/5/9/3592824_B-th.jpg']
Edgell	Snack Time Corn Black Beans Lime Herb	$ 1 .60	70g	$22.86 per 1Kg	"Nutrition Facts
Serving size: 1 serving = 70g
Qty
Quantity
per serving Qty
Quantity
per 100g / 100ml %
Percentage
daily intake*
Energy 590kJ 590kJ
Not provided
Protein 5.7g 5.7g
Not provided
Total Fat 5.9g 5.9g
Not provided
Saturated Fat 0.9g 0.9g
Not provided
Carbohydrate 13.9g 13.9g
Not provided
Sugars 2g 2g
Not provided
Dietary Fibre Total 4.8g 4.8g
Not provided
Sodium 242mg 242mg
Not provided
*Percentage Daily Intake per serving. Percentage Daily Intakes are based on an average adult diet of 8700 kJ. Your daily intakes may be higher or lower depending on your energy needs.
Disclaimer:
Product details, including nutritional information and country of origin, may change from time to time and so the product you receive in your order may not reflect the information on this page. Please check the packaging on any product you purchase and if it's not what you expected, feel free to return it for a full refund.
Details
Country of Origin:
Made in Thailand
Ingredients:
Cooked black beans (46%), chargrilled corn (31%), water, sunflower oil, lime juice (4%), coriander (1%), paprika, salt, natural flavour.
Servings Per Pack:
1.0
Dimensions:
39 x 65 x 65mm
Size:
70g
Code: 3884058P
3 8 8 4 0 5 8 P
Customers also purchased
Edgell Snack Time Chick Peas With Olive Oil & Seaslt 70g
Edgell Snack Time Chick Peas With Olive Oil & Seaslt
70g
$1.60
70g $22.86 per 1Kg
Unit Price
Add
1
for $1.60

Edgell Snack Time Chick Peas With Zesty Vinaigrette 70g
Edgell Snack Time Chick Peas With Zesty Vinaigrette
70g
$1.60
70g $22.86 per 1Kg
Unit Price
Add
1
for $1.60

Edgell Snack Time Chick Peas Olive Oil Garlic & Rosemary 70g
Edgell Snack Time Chick Peas Olive Oil Garlic & Rosemary
70g
$1.60
70g $22.86 per 1Kg
Unit Price
Add
1
for $1.60"	['/wcsstore/Coles-CAS/images/3/8/8/3884058-th.jpg', '/wcsstore/Coles-CAS/images/3/8/8/3884058_B-th.jpg']
John West	Tuna & Sweetcorn In Mayonnaise with Crackers Lunch Kit	$ 3 .20	108g	$29.63 per 1Kg	"Nutrition Facts
Serving size: 1 serving = 108g
Qty
Quantity
per serving Qty
Quantity
per 100g / 100ml %
Percentage
daily intake*
Energy 1220kJ 1130kJ
Not provided
Protein 12.2g 11.3g
Not provided
Total Fat 21.6g 20g
Not provided
Saturated Fat 4g 3.7g
Not provided
Carbohydrate 11.7g 10.8g
Not provided
Sugars 2.4g 2.2g
Not provided
Dietary Fibre Total 1.5g 1.4g
Not provided
Sodium 399mg 370mg
Not provided
*Percentage Daily Intake per serving. Percentage Daily Intakes are based on an average adult diet of 8700 kJ. Your daily intakes may be higher or lower depending on your energy needs.
Disclaimer:
Product details, including nutritional information and country of origin, may change from time to time and so the product you receive in your order may not reflect the information on this page. Please check the packaging on any product you purchase and if it's not what you expected, feel free to return it for a full refund.
Details
Country of Origin:
Made in Thailand
Ingredients:
Tuna With Sweet Corn in Mayonnaise 95g Ingredients Purse seine caught skipjack *tuna* (Katsuwonus pelamis) (35%), water, sunflower oil, sweet corn (8%), *egg* yolk, *wheat* flour, vinegar, lime juice, sugar, salt, pepper. *Contains egg, fish and wheat.* Crackers 13g Ingredients *Wheat* flour, vegetable oil, water, sugar, raising agents (341, 500, 503), salt, emulsifiers (339, 471), malt extract (from *barley*). *Contains wheat and barley*. Contains 50% mayonnaise and 12% crackers.
Allergen:
May Contain Soybean, Contains Fish, May Contain Peanuts, Contains Egg, May Contain Sesame Seeds, Contains Wheat
Servings Per Pack:
1.0
Dimensions:
165 x 85 x 40mm
Size:
108g
Code: 6846066P
6 8 4 6 0 6 6 P
Customers also purchased
John West Tempters Tuna Sweet Corn & Mayonnaise 95g on special
John West Tempters Tuna Sweet Corn & Mayonnaise
95g on special
buy any 2 for $4.00
Any 2
$ 4
regular price
$2.70 ea
each
95g $28.42 per 1Kg
Unit Price
Pick any 2 for $4.00 ...

John West Lunch Kit With Crackers Tuna With Thousand Island Dressing 108g everyday product
John West Lunch Kit With Crackers Tuna With Thousand Island Dressing
108g everyday product
$3.20
108g $29.63 per 1Kg
Unit Price
Add
1
for $3.20"	['/wcsstore/Coles-CAS/images/6/8/4/6846066-th.jpg', '/wcsstore/Coles-CAS/images/6/8/4/6846066_B-th.jpg']
Edgell	Snack Time Chick Peas With Zesty Vinaigrette	$ 1 .60	70g	$22.86 per 1Kg	"Nutrition Facts
Serving size: 1 serving = 70g
Qty
Quantity
per serving Qty
Quantity
per 100g / 100ml %
Percentage
daily intake*
Energy 461kJ 659kJ
Not provided
Protein 5g 7.1g
Not provided
Total Fat 4g 5.7g
Not provided
Saturated Fat 0.5g 0.7g
Not provided
Carbohydrate 12.1g 17.3g
Not provided
Sugars 1.4g 2g
Not provided
Dietary Fibre Total 2.9g 4.2g
Not provided
Sodium 190mg 271mg
Not provided
*Percentage Daily Intake per serving. Percentage Daily Intakes are based on an average adult diet of 8700 kJ. Your daily intakes may be higher or lower depending on your energy needs.
Disclaimer:
Product details, including nutritional information and country of origin, may change from time to time and so the product you receive in your order may not reflect the information on this page. Please check the packaging on any product you purchase and if it's not what you expected, feel free to return it for a full refund.
Details
Country of Origin:
Made in Thailand
Ingredients:
Cooked chick peas (71%), water, vegetable oil, vinegar (3%), spices (chilli, celery, black pepper, cumin), sugar, garlic, food acid (citric), parsley (0.2%), salt, lemon juice concentrate (0.05%).
Servings Per Pack:
1.0
Dimensions:
39 x 65 x 65mm
Size:
70g
Code: 3592835P
3 5 9 2 8 3 5 P
Customers also purchased
Edgell Snack Time Chick Peas With Olive Oil & Seaslt 70g
Edgell Snack Time Chick Peas With Olive Oil & Seaslt
70g
$1.60
70g $22.86 per 1Kg
Unit Price
Add
1
for $1.60

Edgell Snack Time Chick Peas Olive Oil Garlic & Rosemary 70g
Edgell Snack Time Chick Peas Olive Oil Garlic & Rosemary
70g
$1.60
70g $22.86 per 1Kg
Unit Price
Add
1
for $1.60

Edgell Snack Time Corn Black Beans Lime Herb 70g
Edgell Snack Time Corn Black Beans Lime Herb
70g
$1.60
70g $22.86 per 1Kg
Unit Price
Add
1
for $1.60"	['/wcsstore/Coles-CAS/images/3/5/9/3592835-th.jpg', '/wcsstore/Coles-CAS/images/3/5/9/3592835_B-th.jpg']
John West	Protein + Calcium Tuna Dip Sea Salt Lemon & Parsley Crackers	$ 3 .20	94g	$34.04 per 1Kg	"Nutrition Facts
Serving size: 1 serving = 94g
Qty
Quantity
per serving Qty
Quantity
per 100g / 100ml %
Percentage
daily intake*
Energy 605kJ 644kJ
Not provided
Protein 14.7g 15.6g
Not provided
Total Fat 3.9g 4.1g
Not provided
Saturated Fat 0.8g 0.8g
Not provided
Trans
Less than
< 0.1g
Less than
< 0.1g
Not provided
Polyunsaturated 1.9g 2g
Not provided
Mono Unsaturated 1.2g 1.3g
Not provided
Carbohydrate 12.2g 13g
Not provided
Sugars
Less than
< 1g
Less than
< 1g
Not provided
Dietary Fibre Total 0.7g 0.7g
Not provided
Sodium 312mg 332mg
Not provided
Calcium 505mg 537mg 63%
*Percentage Daily Intake per serving. Percentage Daily Intakes are based on an average adult diet of 8700 kJ. Your daily intakes may be higher or lower depending on your energy needs.
Disclaimer:
Product details, including nutritional information and country of origin, may change from time to time and so the product you receive in your order may not reflect the information on this page. Please check the packaging on any product you purchase and if it's not what you expected, feel free to return it for a full refund.
Details
Country of Origin:
Made in Thailand
Ingredients:
Dip 80g Ingredients (purse seine caught skipjack *tuna* (Katsuwonus pelamis) (42%), water, vinegar, starch, *tuna* bone powder (2%), vegetable oil, *egg* yolk powder, sea salt (0.7%), mustard flour, parsley (0.2%), thickener (415), garlic powder, lemon juice powder (0.1%), cracked black pepper), *Crackers 14g Ingredients* (wholegrain rice, corn flour, inulin, linseed, chia seed, rice bran oil, salt). *Contains egg and fish.*
Allergen:
Contains Fish, Contains Egg
Servings Per Pack:
1.0
Dimensions:
79 x 84 x 79mm
Size:
94g
Code: 5454220P
5 4 5 4 2 2 0 P
Customers also purchased
John West Protein+ Bowl Risoni Corn- Caps Lem 170g on special
John West Protein+ Bowl Risoni Corn- Caps Lem
170g on special
$3.00
save
$1.00
170g $17.65 per 1Kg
Unit Price
Add
1
for $3.00

John West Protein+ Bowl Corn Chilli RKB 170g on special
John West Protein+ Bowl Corn Chilli RKB
170g on special
$3.00
save
$1.00
170g $17.65 per 1Kg
Unit Price
Add
1
for $3.00"	['/wcsstore/Coles-CAS/images/5/4/5/5454220-th.jpg', '/wcsstore/Coles-CAS/images/5/4/5/5454220_L-th.jpg', '/wcsstore/Coles-CAS/images/5/4/5/5454220_B-th.jpg']
Edgell	Snack Time Chick Peas Olive Oil Garlic & Rosemary	$ 1 .60	70g	$22.86 per 1Kg	"Nutrition Facts
Serving size: 1 serving = 70g
Qty
Quantity
per serving Qty
Quantity
per 100g / 100ml %
Percentage
daily intake*
Energy 669kJ 955kJ
Not provided
Protein 5.2g 7.4g
Not provided
Total Fat 9.2g 13.1g
Not provided
Saturated Fat 1.3g 1.9g
Not provided
Carbohydrate 12.5g 17.8g
Not provided
Sugars 0.7g 1g
Not provided
Dietary Fibre Total 3.6g 5.2g
Not provided
Sodium 179mg 255mg
Not provided
*Percentage Daily Intake per serving. Percentage Daily Intakes are based on an average adult diet of 8700 kJ. Your daily intakes may be higher or lower depending on your energy needs.
Disclaimer:
Product details, including nutritional information and country of origin, may change from time to time and so the product you receive in your order may not reflect the information on this page. Please check the packaging on any product you purchase and if it's not what you expected, feel free to return it for a full refund.
Details
Country of Origin:
Made in Thailand
Ingredients:
Cooked chick peas (71%), olive oil (15%), water, garlic powder (0.6%), salt, rosemary (0.4%).
Servings Per Pack:
1.0
Dimensions:
39 x 65 x 65mm
Size:
70g
Code: 3592573P
3 5 9 2 5 7 3 P
Customers also purchased
Edgell Snack Time Chick Peas With Olive Oil & Seaslt 70g
Edgell Snack Time Chick Peas With Olive Oil & Seaslt
70g
$1.60
70g $22.86 per 1Kg
Unit Price
Add
1
for $1.60

Edgell Snack Time Chick Peas With Zesty Vinaigrette 70g
Edgell Snack Time Chick Peas With Zesty Vinaigrette
70g
$1.60
70g $22.86 per 1Kg
Unit Price
Add
1
for $1.60

Edgell Snack Time Corn Black Beans Lime Herb 70g
Edgell Snack Time Corn Black Beans Lime Herb
70g
$1.60
70g $22.86 per 1Kg
Unit Price
Add
1
for $1.60"	['/wcsstore/Coles-CAS/images/3/5/9/3592573-th.jpg', '/wcsstore/Coles-CAS/images/3/5/9/3592573_B-th.jpg']
Edgell	Snack Time Black Beans - Capsicum & Charred Corn With Zesty Salsa	$ 1 .60	70g	$22.86 per 1Kg	"Nutrition Facts
Serving size: 1 serving = 70g
Qty
Quantity
per serving Qty
Quantity
per 100g / 100ml %
Percentage
daily intake*
Energy 355kJ 507kJ
Not provided
Protein 3.9g 5.6g
Not provided
Total Fat 4.1g 5.9g
Not provided
Saturated Fat 0.6g 0.8g
Not provided
Carbohydrate 4.3g 6.1g
Not provided
Sugars 1.4g 2g
Not provided
Dietary Fibre Total 7.8g 11.2g
Not provided
Sodium 169mg 242mg
Not provided
*Percentage Daily Intake per serving. Percentage Daily Intakes are based on an average adult diet of 8700 kJ. Your daily intakes may be higher or lower depending on your energy needs.
Disclaimer:
Product details, including nutritional information and country of origin, may change from time to time and so the product you receive in your order may not reflect the information on this page. Please check the packaging on any product you purchase and if it's not what you expected, feel free to return it for a full refund.
Details
Country of Origin:
Made in Thailand
Ingredients:
Cooked black beans (47%), red capsicum (15%), chargrilled corn (10%), water, sunflower oil, onion, tomato (4%), vinegar, tomato flakes (1%), paprika , salt, black pepper, basil.
Servings Per Pack:
1.0
Dimensions:
39 x 65 x 65mm
Size:
70g
Code: 5071447P
5 0 7 1 4 4 7 P
Customers also purchased
Edgell Snack Time Chick Peas With Olive Oil & Seaslt 70g
Edgell Snack Time Chick Peas With Olive Oil & Seaslt
70g
$1.60
70g $22.86 per 1Kg
Unit Price
Add
1
for $1.60

Edgell Snack Time Chick Peas With Zesty Vinaigrette 70g
Edgell Snack Time Chick Peas With Zesty Vinaigrette
70g
$1.60
70g $22.86 per 1Kg
Unit Price
Add
1
for $1.60

Edgell Snack Time Corn Black Beans Lime Herb 70g
Edgell Snack Time Corn Black Beans Lime Herb
70g
$1.60
70g $22.86 per 1Kg
Unit Price
Add
1
for $1.60"	['/wcsstore/Coles-CAS/images/5/0/7/5071447-th.jpg', '/wcsstore/Coles-CAS/images/5/0/7/5071447_B-th.jpg']
John West	Extra Virgin Olive Oil Blend & Pink Salt Deli Tuna	$ 2 .90	90g	$32.23 per 1Kg	"Nutrition Facts
Serving size: 1 serving = 68g
Qty
Quantity
per serving Qty
Quantity
per 100g / 100ml %
Percentage
daily intake*
Energy 635kJ 934kJ
Not provided
Protein 16.8g 24.7g
Not provided
Total Fat 9.4g 13.8g
Not provided
Saturated Fat 1.6g 2.4g
Not provided
Trans
Less than
< 0.1g
Less than
< 0.1g
Not provided
Polyunsaturated 2.8g 4.1g
Not provided
Mono Unsaturated 5g 7.3g
Not provided
Carbohydrate
Less than
< 1g
Less than
< 1g
Not provided
Sugars
Less than
< 1g
Less than
< 1g
Not provided
Sodium 318mg 467mg
Not provided
*Percentage Daily Intake per serving. Percentage Daily Intakes are based on an average adult diet of 8700 kJ. Your daily intakes may be higher or lower depending on your energy needs.
Disclaimer:
Product details, including nutritional information and country of origin, may change from time to time and so the product you receive in your order may not reflect the information on this page. Please check the packaging on any product you purchase and if it's not what you expected, feel free to return it for a full refund.
Details
Country of Origin:
Made in Thailand
Ingredients:
Purse seine or pole and line caught yellowfin *tuna* (Thunnus albacares) (65%), extra virgin olive oil (17%), vegetable oil, pink salt (0.5%). *Contains fish.*
Allergen:
Contains Fish
Servings Per Pack:
1.0
Dimensions:
39 x 65 x 65mm
Size:
90g
Code: 3616230P
3 6 1 6 2 3 0 P"	['/wcsstore/Coles-CAS/images/3/6/1/3616230-th.jpg', '/wcsstore/Coles-CAS/images/3/6/1/3616230_B-th.jpg']
John West	Protein + Tuna Tomato Salsa & Crackers	$ 3 .20	94g	$34.04 per 1Kg	"Nutrition Facts
Serving size: 1 serving = 94g
Qty
Quantity
per serving Qty
Quantity
per 100g / 100ml %
Percentage
daily intake*
Energy 614kJ 653kJ
Not provided
Protein 13.7g 14.6g
Not provided
Total Fat 3.9g 4.2g
Not provided
Saturated Fat 0.8g 0.8g
Not provided
Trans
Less than
< 0.1g
Less than
< 0.1g
Not provided
Polyunsaturated 2g 2.1g
Not provided
Mono Unsaturated 1.2g 1.3g
Not provided
Carbohydrate 13.3g 14.1g
Not provided
Sugars
Less than
< 1g
Less than
< 1g
Not provided
Dietary Fibre Total 1.1g 1.2g
Not provided
Sodium 271mg 288mg
Not provided
*Percentage Daily Intake per serving. Percentage Daily Intakes are based on an average adult diet of 8700 kJ. Your daily intakes may be higher or lower depending on your energy needs.
Disclaimer:
Product details, including nutritional information and country of origin, may change from time to time and so the product you receive in your order may not reflect the information on this page. Please check the packaging on any product you purchase and if it's not what you expected, feel free to return it for a full refund.
Details
Country of Origin:
Made in Thailand
Ingredients:
Dip 80g Ingredients (purse seine caught skipjack *tuna* (Katsuwonus pelamis) (50%), water, tomato paste (4%), starch, vegetable oil, tomato (2%), onion, dried capsicum, *egg* yolk powder, salt, mustard flour, vinegar, thickener (415), sweet basil, cracked black pepper, garlic powder, tomato flavour), *Crackers 14g Ingredients* (wholegrain rice, corn flour, inulin, linseed, chia seed, rice bran oil, salt). *Contains egg and fish.*
Allergen:
Contains Fish, Contains Egg
Servings Per Pack:
1.0
Dimensions:
79 x 84 x 79mm
Size:
94g
Code: 5454592P
5 4 5 4 5 9 2 P
Customers also purchased
John West Protein+ Bowl Risoni Corn- Caps Lem 170g on special
John West Protein+ Bowl Risoni Corn- Caps Lem
170g on special
$3.00
save
$1.00
170g $17.65 per 1Kg
Unit Price
Add
1
for $3.00

John West Protein+ Bowl Corn Chilli RKB 170g on special
John West Protein+ Bowl Corn Chilli RKB
170g on special
$3.00
save
$1.00
170g $17.65 per 1Kg
Unit Price
Add
1
for $3.00"	['/wcsstore/Coles-CAS/images/5/4/5/5454592-th.jpg', '/wcsstore/Coles-CAS/images/5/4/5/5454592_L-th.jpg', '/wcsstore/Coles-CAS/images/5/4/5/5454592_B-th.jpg']
John West	Lunch Kit With Crackers Tuna With Thousand Island Dressing	$ 3 .20	108g	$29.63 per 1Kg	"Nutrition Facts
Serving size: 1 serving = 108g
Qty
Quantity
per serving Qty
Quantity
per 100g / 100ml %
Percentage
daily intake*
Energy 803kJ 744kJ
Not provided
Protein 12g 11.1g
Not provided
Total Fat 9.8g 9.1g
Not provided
Saturated Fat 2.8g 2.6g
Not provided
Carbohydrate 13.7g 12.7g
Not provided
Sugars 4.8g 4.4g
Not provided
Sodium 484mg 448mg
Not provided
*Percentage Daily Intake per serving. Percentage Daily Intakes are based on an average adult diet of 8700 kJ. Your daily intakes may be higher or lower depending on your energy needs.
Disclaimer:
Product details, including nutritional information and country of origin, may change from time to time and so the product you receive in your order may not reflect the information on this page. Please check the packaging on any product you purchase and if it's not what you expected, feel free to return it for a full refund.
Details
Country of Origin:
Made in Thailand
Ingredients:
Tuna + Thousand Island Dressing 95g Ingredients Purse seine caught skipjack *tuna* (Katsuwonus pelamis) (35%), water, yogurt (water, *milk* solids, thickener 1442, starter cultures, oligofructose), sunflower oil, onion, sugar, food acid (acetic), gherkins, red capsicum, tomato paste, thickeners (1442, xanthan gum), salt, mustard powder, black pepper, *Contains milk and fish.* May contain wheat. Crackers 13g Ingredients *Wheat* flour, vegetable oil, water, sugar, tapioca flour, salt, raising agents (503, sodium bicarbonate), acidity regulator (341). *Contains wheat.* *Crackers may contain peanut, soy and sesame.*
Allergen:
May Contain Soybean, Contains Fish, May Contain Peanuts, May Contain Sesame Seeds, Contains Wheat, Contains Milk, Contains Sulphites
Servings Per Pack:
1.0
Storage Instructions:
Once opened, consume immediately.
Dimensions:
167 x 85 x 40mm
Size:
108g
Code: 7056921P
7 0 5 6 9 2 1 P
Customers also purchased
John West Tuna & Sweetcorn In Mayonnaise with Crackers Lunch Kit 108g everyday product
John West Tuna & Sweetcorn In Mayonnaise with Crackers Lunch Kit
108g everyday product
$3.20
108g $29.63 per 1Kg
Unit Price
Add
1
for $3.20

Wild Tides Tuna Creamy Pasta Mornay Sauce 190g
Wild Tides Tuna Creamy Pasta Mornay Sauce
190g
$3.00
190g $15.79 per 1Kg
Unit Price
Add
1
for $3.00"	['/wcsstore/Coles-CAS/images/7/0/5/7056921-th.jpg', '/wcsstore/Coles-CAS/images/7/0/5/7056921_B-th.jpg']
Edgell	Snack Time Red Kidney Beans With Chilli & Olive Oil	$ 1 .60	70g	$22.86 per 1Kg	"Nutrition Facts
Serving size: 1 serving = 70g
Qty
Quantity
per serving Qty
Quantity
per 100g / 100ml %
Percentage
daily intake*
Energy 548kJ 783kJ
Not provided
Protein 4.8g 6.9g
Not provided
Total Fat 7.4g 10.6g
Not provided
Saturated Fat 1.1g 1.6g
Not provided
Carbohydrate 8.8g 12.6g
Not provided
Sugars 0.6g 0.8g
Not provided
Dietary Fibre Total 5.2g 7.4g
Not provided
Sodium 179mg 255mg
Not provided
*Percentage Daily Intake per serving. Percentage Daily Intakes are based on an average adult diet of 8700 kJ. Your daily intakes may be higher or lower depending on your energy needs.
Disclaimer:
Product details, including nutritional information and country of origin, may change from time to time and so the product you receive in your order may not reflect the information on this page. Please check the packaging on any product you purchase and if it's not what you expected, feel free to return it for a full refund.
Details
Country of Origin:
Made in Thailand
Ingredients:
Cooked red kidney beans (71%), water, olive oil (12%), salt, chilli (0.3%), garlic.
Servings Per Pack:
1.0
Dimensions:
39 x 65 x 65mm
Size:
70g
Code: 3592879P
3 5 9 2 8 7 9 P
Customers also purchased
Edgell Snack Time Chick Peas With Olive Oil & Seaslt 70g
Edgell Snack Time Chick Peas With Olive Oil & Seaslt
70g
$1.60
70g $22.86 per 1Kg
Unit Price
Add
1
for $1.60

Edgell Snack Time Chick Peas Olive Oil Garlic & Rosemary 70g
Edgell Snack Time Chick Peas Olive Oil Garlic & Rosemary
70g
$1.60
70g $22.86 per 1Kg
Unit Price
Add
1
for $1.60

Edgell Snack Time Corn Black Beans Lime Herb 70g
Edgell Snack Time Corn Black Beans Lime Herb
70g
$1.60
70g $22.86 per 1Kg
Unit Price
Add
1
for $1.60"	['/wcsstore/Coles-CAS/images/3/5/9/3592879-th.jpg', '/wcsstore/Coles-CAS/images/3/5/9/3592879_B-th.jpg']
John West	Protein+ Bowl Tom & Cous Cous	$ 4 .00	170g	$23.53 per 1Kg	"Nutrition Facts
Serving size: 1 serving = 170g
Qty
Quantity
per serving Qty
Quantity
per 100g / 100ml %
Percentage
daily intake*
Energy 1190kJ 702kJ
Not provided
Protein 17.7g 10.4g
Not provided
Total Fat 13.4g 7.9g
Not provided
Saturated Fat 1.9g 1.1g
Not provided
Trans
Less than
< 0.1g
Less than
< 0.1g
Not provided
Polyunsaturated 8g 4.7g
Not provided
Mono Unsaturated 3.6g 2.1g
Not provided
Carbohydrate 21.6g 12.7g
Not provided
Sugars 3.6g 2.1g
Not provided
Dietary Fibre Total 3.6g 2.1g
Not provided
Sodium 549mg 323mg
Not provided
Vitamin B12 0.8ug 0.5ug 39%
*Percentage Daily Intake per serving. Percentage Daily Intakes are based on an average adult diet of 8700 kJ. Your daily intakes may be higher or lower depending on your energy needs.
Disclaimer:
Product details, including nutritional information and country of origin, may change from time to time and so the product you receive in your order may not reflect the information on this page. Please check the packaging on any product you purchase and if it's not what you expected, feel free to return it for a full refund.
Details
Country of Origin:
Made in Thailand
Ingredients:
Purse seine caught skipjack *tuna* (Katsuwonus pelamis) (fish) (27%), *pearl cous cous* (wheat) (15%), brown rice (14%), tomato (12%), onion (8%), sunflower oil, oven dried tomato (6%), garlic, tomato paste, sugar, salt, black pepper, chilli (0.2%), herbs. *Contains fish, gluten, wheat*
Allergen:
Contains Fish, Contains Wheat
Servings Per Pack:
1.0
Dimensions:
132 x 94 x 54mm
Size:
170g
Code: 4409720P
4 4 0 9 7 2 0 P
Customers also purchased
John West Protein+ Bowl Corn BB Lime 170g
John West Protein+ Bowl Corn BB Lime
170g
$4.00
170g $23.53 per 1Kg
Unit Price
Add
1
for $4.00

John West Protein+ Bowl Caps Three Bean 170g
John West Protein+ Bowl Caps Three Bean
170g
$4.00
170g $23.53 per 1Kg
Unit Price
Add
1
for $4.00

John West Protein+ Bowl Risoni Corn- Caps Lem 170g on special
John West Protein+ Bowl Risoni Corn- Caps Lem
170g on special
$3.00
save
$1.00
170g $17.65 per 1Kg
Unit Price
Add
1
for $3.00

John West Protein+ Bowl Corn Chilli RKB 170g on special
John West Protein+ Bowl Corn Chilli RKB
170g on special
$3.00
save
$1.00
170g $17.65 per 1Kg
Unit Price
Add
1
for $3.00"	['/wcsstore/Coles-CAS/images/4/4/0/4409720-th.jpg', '/wcsstore/Coles-CAS/images/4/4/0/4409720_B-th.jpg']
John West	Zesty Lemon & Italian Herbs Deli Tuna	$ 2 .90	90g	$32.23 per 1Kg	"Nutrition Facts
Serving size: 1 serving = 70g
Qty
Quantity
per serving Qty
Quantity
per 100g / 100ml %
Percentage
daily intake*
Energy 539kJ 770kJ
Not provided
Protein 17.3g 24.7g
Not provided
Total Fat 6.2g 8.9g
Not provided
Saturated Fat 0.8g 1.1g
Not provided
Trans
Less than
< 0.1g
Less than
< 0.1g
Not provided
Polyunsaturated 3.6g 5.1g
Not provided
Mono Unsaturated 1.8g 2.6g
Not provided
Carbohydrate
Less than
< 1g
Less than
< 1.2g
Not provided
Sugars
Less than
< 1g
Less than
< 1g
Not provided
Sodium 263mg 375mg
Not provided
*Percentage Daily Intake per serving. Percentage Daily Intakes are based on an average adult diet of 8700 kJ. Your daily intakes may be higher or lower depending on your energy needs.
Disclaimer:
Product details, including nutritional information and country of origin, may change from time to time and so the product you receive in your order may not reflect the information on this page. Please check the packaging on any product you purchase and if it's not what you expected, feel free to return it for a full refund.
Details
Country of Origin:
Made in Thailand
Ingredients:
Purse seine or pole and line caught yellowfin *tuna* (Thunnus albacares) (65%), vegetable oil, water, lemon slice (1%), herbs (0.8%), lemon juice powder (0.6%), salt, sugar, black pepper, garlic powder, food acid (citric). *Contains fish.*
Allergen:
Contains Fish
Servings Per Pack:
1.0
Dimensions:
39 x 65 x 65mm
Size:
90g
Code: 3619294P
3 6 1 9 2 9 4 P
Customers also purchased
John West Lime Ginger & A Hint Of Chilli In Oil Deli Tuna 90g
John West Lime Ginger & A Hint Of Chilli In Oil Deli Tuna
90g
$2.90
90g $32.23 per 1Kg
Unit Price
Add
1
for $2.90

John West Chilli Infused Oil & Lemon Zest Deli Tuna 90g
John West Chilli Infused Oil & Lemon Zest Deli Tuna
90g
$2.90
90g $32.23 per 1Kg
Unit Price
Add
1
for $2.90

John West Soy & Caramelised Garlic In Oil Deli Tuna 90g
John West Soy & Caramelised Garlic In Oil Deli Tuna
90g
$2.90
90g $32.23 per 1Kg
Unit Price
Add
1
for $2.90

John West Rosemary & Sea Salt In Oil Deli Tuna 90g
John West Rosemary & Sea Salt In Oil Deli Tuna
90g
$2.90
90g $32.23 per 1Kg
Unit Price
Add
1
for $2.90"	['/wcsstore/Coles-CAS/images/3/6/1/3619294-th.jpg', '/wcsstore/Coles-CAS/images/3/6/1/3619294_B-th.jpg']
John West	Rosemary & Sea Salt In Oil Deli Tuna	$ 2 .90	90g	$32.23 per 1Kg	"Nutrition Facts
Serving size: 1 serving = 66g
Qty
Quantity
per serving Qty
Quantity
per 100g / 100ml %
Percentage
daily intake*
Energy 610kJ 925kJ
Not provided
Protein 17.1g 25.9g
Not provided
Total Fat 8.6g 13g
Not provided
Saturated Fat 1g 1.5g
Not provided
Trans
Less than
< 0.1g
Less than
< 0.1g
Not provided
Polyunsaturated 4.4g 6.6g
Not provided
Mono Unsaturated 3.2g 4.9g
Not provided
Carbohydrate
Less than
< 1g
Less than
< 1g
Not provided
Sugars
Less than
< 1g
Less than
< 1g
Not provided
Sodium 220mg 333mg
Not provided
*Percentage Daily Intake per serving. Percentage Daily Intakes are based on an average adult diet of 8700 kJ. Your daily intakes may be higher or lower depending on your energy needs.
Disclaimer:
Product details, including nutritional information and country of origin, may change from time to time and so the product you receive in your order may not reflect the information on this page. Please check the packaging on any product you purchase and if it's not what you expected, feel free to return it for a full refund.
Details
Country of Origin:
Made in Thailand
Ingredients:
Purse seine or pole and line caught yellowfin *tuna* (Thunnus albacares) (65%), vegetable oil, sea salt (0.8%), rosemary. *Contains fish.*
Allergen:
Contains Fish
Servings Per Pack:
1.0
Dimensions:
39 x 65 x 65mm
Size:
90g
Code: 3616605P
3 6 1 6 6 0 5 P
Customers also purchased
John West Lime Ginger & A Hint Of Chilli In Oil Deli Tuna 90g
John West Lime Ginger & A Hint Of Chilli In Oil Deli Tuna
90g
$2.90
90g $32.23 per 1Kg
Unit Price
Add
1
for $2.90

John West Extra Virgin Olive Oil Blend & Pink Salt Deli Tuna 90g
John West Extra Virgin Olive Oil Blend & Pink Salt Deli Tuna
90g
$2.90
90g $32.23 per 1Kg
Unit Price
Add
1
for $2.90

John West Soy & Caramelised Garlic In Oil Deli Tuna 90g
John West Soy & Caramelised Garlic In Oil Deli Tuna
90g
$2.90
90g $32.23 per 1Kg
Unit Price
Add
1
for $2.90

John West Zesty Lemon & Italian Herbs Deli Tuna 90g
John West Zesty Lemon & Italian Herbs Deli Tuna
90g
$2.90
90g $32.23 per 1Kg
Unit Price
Add
1
for $2.90"	['/wcsstore/Coles-CAS/images/3/6/1/3616605-th.jpg', '/wcsstore/Coles-CAS/images/3/6/1/3616605_B-th.jpg']
Edgell	Snack Time Chick Peas With Ginger- Lime & Chilli	$ 1 .60	70g	$22.86 per 1Kg	"Nutrition Facts
Serving size: 1 serving = 70g
Qty
Quantity
per serving Qty
Quantity
per 100g / 100ml %
Percentage
daily intake*
Energy 432kJ 617kJ
Not provided
Protein 4.8g 6.8g
Not provided
Total Fat 3.9g 5.6g
Not provided
Saturated Fat 0.5g 0.7g
Not provided
Carbohydrate 9.8g 14g
Not provided
Sugars 0.8g 1.1g
Not provided
Dietary Fibre Total 4.9g 7g
Not provided
Sodium 178mg 254mg
Not provided
*Percentage Daily Intake per serving. Percentage Daily Intakes are based on an average adult diet of 8700 kJ. Your daily intakes may be higher or lower depending on your energy needs.
Disclaimer:
Product details, including nutritional information and country of origin, may change from time to time and so the product you receive in your order may not reflect the information on this page. Please check the packaging on any product you purchase and if it's not what you expected, feel free to return it for a full refund.
Details
Country of Origin:
Made in Thailand
Ingredients:
Cooked chick peas (71%), water, lime juice (4%), sunflower oil, ginger (1%), red capsicum, salt, chilli (0.1%).
Servings Per Pack:
1.0
Dimensions:
39 x 65 x 65mm
Size:
70g
Code: 5071436P
5 0 7 1 4 3 6 P
Customers also purchased
Edgell Snack Time Chick Peas With Olive Oil & Seaslt 70g
Edgell Snack Time Chick Peas With Olive Oil & Seaslt
70g
$1.60
70g $22.86 per 1Kg
Unit Price
Add
1
for $1.60

Edgell Snack Time Chick Peas With Zesty Vinaigrette 70g
Edgell Snack Time Chick Peas With Zesty Vinaigrette
70g
$1.60
70g $22.86 per 1Kg
Unit Price
Add
1
for $1.60

Edgell Snack Time Chick Peas Olive Oil Garlic & Rosemary 70g
Edgell Snack Time Chick Peas Olive Oil Garlic & Rosemary
70g
$1.60
70g $22.86 per 1Kg
Unit Price
Add
1
for $1.60

Edgell Snack Time Corn Black Beans Lime Herb 70g
Edgell Snack Time Corn Black Beans Lime Herb
70g
$1.60
70g $22.86 per 1Kg
Unit Price
Add
1
for $1.60"	['/wcsstore/Coles-CAS/images/5/0/7/5071436-th.jpg', '/wcsstore/Coles-CAS/images/5/0/7/5071436_L-th.jpg']
John West	Chilli Infused Oil & Lemon Zest Deli Tuna	$ 2 .90	90g	$32.23 per 1Kg	"Nutrition Facts
Serving size: 1 serving = 65g
Qty
Quantity
per serving Qty
Quantity
per 100g / 100ml %
Percentage
daily intake*
Energy 495kJ 761kJ
Not provided
Protein 16.1g 24.8g
Not provided
Total Fat 5.8g 8.9g
Not provided
Saturated Fat 0.7g 1.1g
Not provided
Trans
Less than
< 0.1g
Less than
< 0.1g
Not provided
Polyunsaturated 3.1g 4.7g
Not provided
Mono Unsaturated 2g 3.1g
Not provided
Carbohydrate
Less than
< 1g
Less than
< 1g
Not provided
Sugars
Less than
< 1g
Less than
< 1g
Not provided
Sodium 225mg 346mg
Not provided
*Percentage Daily Intake per serving. Percentage Daily Intakes are based on an average adult diet of 8700 kJ. Your daily intakes may be higher or lower depending on your energy needs.
Disclaimer:
Product details, including nutritional information and country of origin, may change from time to time and so the product you receive in your order may not reflect the information on this page. Please check the packaging on any product you purchase and if it's not what you expected, feel free to return it for a full refund.
Details
Country of Origin:
Made in Thailand
Ingredients:
Purse seine or pole and line caught yellowfin *tuna* (Thunnus albacares) (65%), sunflower oil (26%), chilli (4%), roasted garlic, lemon zest (0.7%), salt, lemon juice powder, food acid (citric), parsley, black pepper . *Contains fish.*
Allergen:
Contains Fish
Servings Per Pack:
1.0
Dimensions:
39 x 65 x 65mm
Size:
90g
Code: 3616285P
3 6 1 6 2 8 5 P
Customers also purchased
John West Lime Ginger & A Hint Of Chilli In Oil Deli Tuna 90g
John West Lime Ginger & A Hint Of Chilli In Oil Deli Tuna
90g
$2.90
90g $32.23 per 1Kg
Unit Price
Add
1
for $2.90

John West Cherry Tomato & Chilli Infused Oil Deli Tuna 90g
John West Cherry Tomato & Chilli Infused Oil Deli Tuna
90g
$2.90
90g $32.23 per 1Kg
Unit Price
Add
1
for $2.90

John West Extra Virgin Olive Oil Blend & Pink Salt Deli Tuna 90g
John West Extra Virgin Olive Oil Blend & Pink Salt Deli Tuna
90g
$2.90
90g $32.23 per 1Kg
Unit Price
Add
1
for $2.90

John West Zesty Lemon & Italian Herbs Deli Tuna 90g
John West Zesty Lemon & Italian Herbs Deli Tuna
90g
$2.90
90g $32.23 per 1Kg
Unit Price
Add
1
for $2.90"	['/wcsstore/Coles-CAS/images/3/6/1/3616285-th.jpg', '/wcsstore/Coles-CAS/images/3/6/1/3616285_B-th.jpg']
John West	Protein + Tuna Roast Capsicum & Basil & Crackers	$ 3 .20	94g	$34.04 per 1Kg	"Nutrition Facts
Serving size: 1 serving = 94g
Qty
Quantity
per serving Qty
Quantity
per 100g / 100ml %
Percentage
daily intake*
Energy 635kJ 675kJ
Not provided
Protein 14.9g 15.9g
Not provided
Total Fat 3.9g 4.2g
Not provided
Saturated Fat 0.8g 0.9g
Not provided
Trans
Less than
< 0.1g
Less than
< 0.1g
Not provided
Polyunsaturated 2g 2.1g
Not provided
Mono Unsaturated 1.3g 1.4g
Not provided
Carbohydrate 13.3g 14.1g
Not provided
Sugars
Less than
< 1g
Less than
< 1g
Not provided
Dietary Fibre Total 1.1g 1.2g
Not provided
Sodium 279mg 296mg
Not provided
Vitamin B12 1.4ug 1.5ug 71%
*Percentage Daily Intake per serving. Percentage Daily Intakes are based on an average adult diet of 8700 kJ. Your daily intakes may be higher or lower depending on your energy needs.
Disclaimer:
Product details, including nutritional information and country of origin, may change from time to time and so the product you receive in your order may not reflect the information on this page. Please check the packaging on any product you purchase and if it's not what you expected, feel free to return it for a full refund.
Details
Country of Origin:
Made in Thailand
Ingredients:
Dip 80g Ingredients (purse seine caught skipjack *tuna* (Katsuwonus pelamis) (50%), water, starch, tuna bone powder, vegetable oil, vinegar, dried capsicum (2.0%), roasted capsicum (2.0%), onion, roasted garlic, *egg* yolk powder, salt, mustard flour, thickener (415), sweet basil (0.1%), basil flavour (0.1%), cracked black pepper, garlic powder), *Crackers 14g Ingredients* (wholegrain rice, corn flour, inulin, linseed, chia seed, rice bran oil, salt). *Contains egg and fish.*
Allergen:
Contains Fish, Contains Egg
Servings Per Pack:
1.0
Dimensions:
79 x 84 x 79mm
Size:
94g
Code: 5454617P
5 4 5 4 6 1 7 P
Customers also purchased
John West Protein+ Bowl Risoni Corn- Caps Lem 170g on special
John West Protein+ Bowl Risoni Corn- Caps Lem
170g on special
$3.00
save
$1.00
170g $17.65 per 1Kg
Unit Price
Add
1
for $3.00

John West Protein+ Bowl Corn Chilli RKB 170g on special
John West Protein+ Bowl Corn Chilli RKB
170g on special
$3.00
save
$1.00
170g $17.65 per 1Kg
Unit Price
Add
1
for $3.00"	['/wcsstore/Coles-CAS/images/5/4/5/5454617-th.jpg', '/wcsstore/Coles-CAS/images/5/4/5/5454617_L-th.jpg', '/wcsstore/Coles-CAS/images/5/4/5/5454617_B-th.jpg']
John West	Protein+ Bowl Risoni Corn- Caps Lem	$ 3 .00	170g	$17.65 per 1Kg	"Nutrition Facts
Serving size: 1 serving = 170g
Qty
Quantity
per serving Qty
Quantity
per 100g / 100ml %
Percentage
daily intake*
Energy 1030kJ 609kJ
Not provided
Protein 16.8g 9.9g
Not provided
Total Fat 8.7g 5.1g
Not provided
Saturated Fat 1.5g 0.9g
Not provided
Trans
Less than
< 0.1g
Less than
< 0.1g
Not provided
Polyunsaturated 1g 0.6g
Not provided
Mono Unsaturated 6.1g 3.6g
Not provided
Carbohydrate 24.1g 14.2g
Not provided
Sugars 2.2g 1.3g
Not provided
Dietary Fibre Total 2.2g 1.3g
Not provided
Sodium 700mg 412mg
Not provided
*Percentage Daily Intake per serving. Percentage Daily Intakes are based on an average adult diet of 8700 kJ. Your daily intakes may be higher or lower depending on your energy needs.
Disclaimer:
Product details, including nutritional information and country of origin, may change from time to time and so the product you receive in your order may not reflect the information on this page. Please check the packaging on any product you purchase and if it's not what you expected, feel free to return it for a full refund.
Details
Country of Origin:
Made in Thailand
Ingredients:
Purse seine caught skipjack *tuna* (Katsuwonus pelamis) (fish) (30%), brown rice (15%), green capsicum, *risoni pasta* (egg, wheat) (10%), shallot, corn, cherry tomato, olive oil (5%), lemon juice (0.5%), garlic, salt. *Contains egg, fish, gluten, wheat.*
Allergen:
Contains Fish, Contains Egg, Contains Wheat
Servings Per Pack:
1.0
Dimensions:
132 x 94 x 54mm
Size:
170g
Code: 4409730P
4 4 0 9 7 3 0 P
Customers also purchased
John West Protein+ Bowl Corn BB Lime 170g
John West Protein+ Bowl Corn BB Lime
170g
$4.00
170g $23.53 per 1Kg
Unit Price
Add
1
for $4.00

John West Protein+ Bowl Tom & Cous Cous 170g
John West Protein+ Bowl Tom & Cous Cous
170g
$4.00
170g $23.53 per 1Kg
Unit Price
Add
1
for $4.00

John West Protein+ Bowl Caps Three Bean 170g
John West Protein+ Bowl Caps Three Bean
170g
$4.00
170g $23.53 per 1Kg
Unit Price
Add
1
for $4.00

John West Protein+ Bowl Corn Chilli RKB 170g on special
John West Protein+ Bowl Corn Chilli RKB
170g on special
$3.00
save
$1.00
170g $17.65 per 1Kg
Unit Price
Add
1
for $3.00"	['/wcsstore/Coles-CAS/images/4/4/0/4409730-th.jpg', '/wcsstore/Coles-CAS/images/4/4/0/4409730_B-th.jpg']
John West	Lime Ginger & A Hint Of Chilli In Oil Deli Tuna	$ 2 .90	90g	$32.23 per 1Kg	"Nutrition Facts
Serving size: 1 serving = 67g
Qty
Quantity
per serving Qty
Quantity
per 100g / 100ml %
Percentage
daily intake*
Energy 529kJ 789kJ
Not provided
Protein 16g 23.9g
Not provided
Total Fat 6.9g 10.3g
Not provided
Saturated Fat 0.9g 1.3g
Not provided
Trans
Less than
< 0.1g
Less than
< 0.1g
Not provided
Polyunsaturated 4g 6g
Not provided
Mono Unsaturated 2g 3g
Not provided
Carbohydrate
Less than
< 1g
Less than
< 1g
Not provided
Sugars
Less than
< 1g
Less than
< 1g
Not provided
Sodium 237mg 353mg
Not provided
*Percentage Daily Intake per serving. Percentage Daily Intakes are based on an average adult diet of 8700 kJ. Your daily intakes may be higher or lower depending on your energy needs.
Disclaimer:
Product details, including nutritional information and country of origin, may change from time to time and so the product you receive in your order may not reflect the information on this page. Please check the packaging on any product you purchase and if it's not what you expected, feel free to return it for a full refund.
Details
Country of Origin:
Made in Thailand
Ingredients:
Purse seine caught longtail *tuna* (Thunnus tonggol) (62%), sunflower oil, water, ginger (4%), lime juice (4%), chilli (3%), salt. *Contains fish.*
Allergen:
May Contain Soybean, May Contain Egg, May Contain Crustacea, Contains Fish, May Contain Peanuts, May Contain Wheat, May Contain Sesame Seeds
Servings Per Pack:
1.0
Dimensions:
39 x 65 x 65mm
Size:
90g
Code: 3619308P
3 6 1 9 3 0 8 P
Customers also purchased
John West Chilli Infused Oil & Lemon Zest Deli Tuna 90g
John West Chilli Infused Oil & Lemon Zest Deli Tuna
90g
$2.90
90g $32.23 per 1Kg
Unit Price
Add
1
for $2.90

John West Soy & Caramelised Garlic In Oil Deli Tuna 90g
John West Soy & Caramelised Garlic In Oil Deli Tuna
90g
$2.90
90g $32.23 per 1Kg
Unit Price
Add
1
for $2.90

John West Zesty Lemon & Italian Herbs Deli Tuna 90g
John West Zesty Lemon & Italian Herbs Deli Tuna
90g
$2.90
90g $32.23 per 1Kg
Unit Price
Add
1
for $2.90

John West Rosemary & Sea Salt In Oil Deli Tuna 90g
John West Rosemary & Sea Salt In Oil Deli Tuna
90g
$2.90
90g $32.23 per 1Kg
Unit Price
Add
1
for $2.90"	['/wcsstore/Coles-CAS/images/3/6/1/3619308-th.jpg', '/wcsstore/Coles-CAS/images/3/6/1/3619308_B-th.jpg']
John West	Soy & Caramelised Garlic In Oil Deli Tuna	$ 2 .90	90g	$32.23 per 1Kg	"Nutrition Facts
Serving size: 1 serving = 75g
Qty
Quantity
per serving Qty
Quantity
per 100g / 100ml %
Percentage
daily intake*
Energy 579kJ 772kJ
Not provided
Protein 17g 22.6g
Not provided
Total Fat 7.6g 10.1g
Not provided
Saturated Fat 1g 1.3g
Not provided
Trans
Less than
< 0.1g
Less than
< 0.1g
Not provided
Polyunsaturated 4.4g 5.9g
Not provided
Mono Unsaturated 2.3g 3g
Not provided
Carbohydrate
Less than
< 1g
Less than
< 1g
Not provided
Sugars
Less than
< 1g
Less than
< 1g
Not provided
Sodium 288mg 384mg
Not provided
*Percentage Daily Intake per serving. Percentage Daily Intakes are based on an average adult diet of 8700 kJ. Your daily intakes may be higher or lower depending on your energy needs.
Disclaimer:
Product details, including nutritional information and country of origin, may change from time to time and so the product you receive in your order may not reflect the information on this page. Please check the packaging on any product you purchase and if it's not what you expected, feel free to return it for a full refund.
Details
Country of Origin:
Made in Thailand
Ingredients:
Purse seine caught longtail *tuna* (Thunnus tonggol) (65%), sunflower oil (22%), water, ginger, shallot, roasted garlic (1%), salt, *soy* sauce (water, *soy* bean, *wheat*, salt), sugar, garlic powder (0.1%). *Contains fish, soy and wheat.*
Allergen:
Contains Soybean, Contains Fish, Contains Wheat
Servings Per Pack:
1.0
Dimensions:
39 x 65 x 65mm
Size:
90g
Code: 3619319P
3 6 1 9 3 1 9 P
Customers also purchased
John West Lime Ginger & A Hint Of Chilli In Oil Deli Tuna 90g
John West Lime Ginger & A Hint Of Chilli In Oil Deli Tuna
90g
$2.90
90g $32.23 per 1Kg
Unit Price
Add
1
for $2.90

John West Extra Virgin Olive Oil Blend & Pink Salt Deli Tuna 90g
John West Extra Virgin Olive Oil Blend & Pink Salt Deli Tuna
90g
$2.90
90g $32.23 per 1Kg
Unit Price
Add
1
for $2.90

John West Zesty Lemon & Italian Herbs Deli Tuna 90g
John West Zesty Lemon & Italian Herbs Deli Tuna
90g
$2.90
90g $32.23 per 1Kg
Unit Price
Add
1
for $2.90

John West Rosemary & Sea Salt In Oil Deli Tuna 90g
John West Rosemary & Sea Salt In Oil Deli Tuna
90g
$2.90
90g $32.23 per 1Kg
Unit Price
Add
1
for $2.90"	['/wcsstore/Coles-CAS/images/3/6/1/3619319-th.jpg', '/wcsstore/Coles-CAS/images/3/6/1/3619319_B-th.jpg']
John West	Protein+ Bowl Corn Chilli RKB	$ 3 .00	170g	$17.65 per 1Kg	"Nutrition Facts
Serving size: 1 serving = 170g
Qty
Quantity
per serving Qty
Quantity
per 100g / 100ml %
Percentage
daily intake*
Energy 852kJ 501kJ
Not provided
Protein 24.5g 14.4g
Not provided
Total Fat 5.8g 3.4g
Not provided
Saturated Fat 1g 0.6g
Not provided
Trans
Less than
< 0.1g
Less than
< 0.1g
Not provided
Polyunsaturated 3.2g 1.9g
Not provided
Mono Unsaturated 1.5g 0.9g
Not provided
Carbohydrate 10.9g 6.4g
Not provided
Sugars 2.2g 1.3g
Not provided
Dietary Fibre Total 4.6g 2.7g
Not provided
Sodium 573mg 337mg
Not provided
*Percentage Daily Intake per serving. Percentage Daily Intakes are based on an average adult diet of 8700 kJ. Your daily intakes may be higher or lower depending on your energy needs.
Disclaimer:
Product details, including nutritional information and country of origin, may change from time to time and so the product you receive in your order may not reflect the information on this page. Please check the packaging on any product you purchase and if it's not what you expected, feel free to return it for a full refund.
Details
Country of Origin:
Made in Thailand
Ingredients:
Purse seine caught skipjack *tuna* (Katsuwonus pelamis) (fish) (36%), red capsicum (17%), red kidney beans (15%), black beans (10%), sweet corn (10%), onion, vegetable oil, salt, chilli (0.3%), lime juice, spices, thickener (xanthan gum). *Contains fish.*
Allergen:
Contains Fish
Servings Per Pack:
1.0
Dimensions:
132 x 94 x 54mm
Size:
170g
Code: 4409694P
4 4 0 9 6 9 4 P
Customers also purchased
John West Protein+ Bowl Corn BB Lime 170g
John West Protein+ Bowl Corn BB Lime
170g
$4.00
170g $23.53 per 1Kg
Unit Price
Add
1
for $4.00

John West Protein+ Bowl Tom & Cous Cous 170g
John West Protein+ Bowl Tom & Cous Cous
170g
$4.00
170g $23.53 per 1Kg
Unit Price
Add
1
for $4.00

John West Protein+ Bowl Caps Three Bean 170g
John West Protein+ Bowl Caps Three Bean
170g
$4.00
170g $23.53 per 1Kg
Unit Price
Add
1
for $4.00

John West Protein+ Bowl Risoni Corn- Caps Lem 170g on special
John West Protein+ Bowl Risoni Corn- Caps Lem
170g on special
$3.00
save
$1.00
170g $17.65 per 1Kg
Unit Price
Add
1
for $3.00"	['/wcsstore/Coles-CAS/images/4/4/0/4409694-th.jpg', '/wcsstore/Coles-CAS/images/4/4/0/4409694_B-th.jpg']
John West	Protein+ Bowl Caps Three Bean	$ 4 .00	170g	$23.53 per 1Kg	"Nutrition Facts
Serving size: 1 serving = 170g
Qty
Quantity
per serving Qty
Quantity
per 100g / 100ml %
Percentage
daily intake*
Energy 1020kJ 600kJ
Not provided
Protein 21.4g 12.6g
Not provided
Total Fat 8.8g 5.2g
Not provided
Saturated Fat 1.4g 0.8g
Not provided
Trans
Less than
< 0.1g
Less than
< 0.1g
Not provided
Polyunsaturated 5.3g 3.1g
Not provided
Mono Unsaturated 2.4g 1.4g
Not provided
Carbohydrate 16.2g 9.5g
Not provided
Sugars 2g 1.2g
Not provided
Dietary Fibre Total 6.8g 4g
Not provided
Sodium 566mg 333mg
Not provided
Iron 2.9mg 1.7mg 24%
*Percentage Daily Intake per serving. Percentage Daily Intakes are based on an average adult diet of 8700 kJ. Your daily intakes may be higher or lower depending on your energy needs.
Disclaimer:
Product details, including nutritional information and country of origin, may change from time to time and so the product you receive in your order may not reflect the information on this page. Please check the packaging on any product you purchase and if it's not what you expected, feel free to return it for a full refund.
Details
Country of Origin:
Made in Thailand
Ingredients:
Beans (41%) (navy beans, red kidney beans, chick peas), purse seine caught skipjack *tuna* (Katsuwonus pelamis) (fish) (31%), red capsicum (11%), water, vegetable oil, garlic, dried capsicum, salt, chilli, pepper. *Contains fish.*
Allergen:
Contains Fish
Servings Per Pack:
1.0
Dimensions:
132 x 94 x 54mm
Size:
170g
Code: 4409683P
4 4 0 9 6 8 3 P
Customers also purchased
John West Protein+ Bowl Corn BB Lime 170g
John West Protein+ Bowl Corn BB Lime
170g
$4.00
170g $23.53 per 1Kg
Unit Price
Add
1
for $4.00

John West Protein+ Bowl Tom & Cous Cous 170g
John West Protein+ Bowl Tom & Cous Cous
170g
$4.00
170g $23.53 per 1Kg
Unit Price
Add
1
for $4.00

John West Protein+ Bowl Risoni Corn- Caps Lem 170g on special
John West Protein+ Bowl Risoni Corn- Caps Lem
170g on special
$3.00
save
$1.00
170g $17.65 per 1Kg
Unit Price
Add
1
for $3.00

John West Protein+ Bowl Corn Chilli RKB 170g on special
John West Protein+ Bowl Corn Chilli RKB
170g on special
$3.00
save
$1.00
170g $17.65 per 1Kg
Unit Price
Add
1
for $3.00"	['/wcsstore/Coles-CAS/images/4/4/0/4409683-th.jpg', '/wcsstore/Coles-CAS/images/4/4/0/4409683_B-th.jpg']
Edgell	Nourish Bowl Spiced Lentil	$ 3 .00	200g	$15.00 per 1Kg	"Nutrition Facts
Serving size: 1 serving = 200g
Qty
Quantity
per serving Qty
Quantity
per 100g / 100ml %
Percentage
daily intake*
Energy 1520kJ 761kJ
Not provided
Protein 12.8g 6.4g
Not provided
Total Fat 18.6g 9.3g
Not provided
Saturated Fat 2.2g 1.1g
Not provided
Carbohydrate 31g 15.5g
Not provided
Sugars 1.6g 1g
Not provided
Dietary Fibre Total 11.2g 5.6g
Not provided
Sodium 378mg 189mg
Not provided
*Percentage Daily Intake per serving. Percentage Daily Intakes are based on an average adult diet of 8700 kJ. Your daily intakes may be higher or lower depending on your energy needs.
Disclaimer:
Product details, including nutritional information and country of origin, may change from time to time and so the product you receive in your order may not reflect the information on this page. Please check the packaging on any product you purchase and if it's not what you expected, feel free to return it for a full refund.
Details
Country of Origin:
Made in Spain
Ingredients:
Legumes (65%) (cooked chick peas (41%), cooked lentils (24%)), cooked brown rice (16%), vegetable oils (sunflower, olive), spinach (3.5%), ginger (1.5%), garlic (1.5%), spices (1.5%) (curry (mustard), cumin, turmeric, chilli), salt, coriander, emulsifier (sunflower lecithin), lemon juice. *Made on equipment that also processes wheat, gluten, crustacean, egg, fish, milk.*
Allergen:
May Contain Egg, May Contain Crustacea, May Contain Milk, May Contain Wheat, May Contain Fish, May Contain Gluten
Servings Per Pack:
1.0
Dimensions:
130 x 130 x 54mm
Size:
200g
Code: 2743709P
2 7 4 3 7 0 9 P
Customers also purchased
Edgell Snack Time Chick Peas With Olive Oil & Seaslt 70g
Edgell Snack Time Chick Peas With Olive Oil & Seaslt
70g
$1.60
70g $22.86 per 1Kg
Unit Price
Add
1
for $1.60

Edgell Snack Time Chick Peas Olive Oil Garlic & Rosemary 70g
Edgell Snack Time Chick Peas Olive Oil Garlic & Rosemary
70g
$1.60
70g $22.86 per 1Kg
Unit Price
Add
1
for $1.60

Edgell Nourish Chemoula Veg Rice Bowl 180g on special
Edgell Nourish Chemoula Veg Rice Bowl
180g on special
$3.00
save
$1.00
180g $16.67 per 1Kg
Unit Price
Add
1
for $3.00

Edgell Nourish Zesty Cauli Rice Bowl 180g on special
Edgell Nourish Zesty Cauli Rice Bowl
180g on special
$3.00
save
$1.00
180g $16.67 per 1Kg
Unit Price
Add
1
for $3.00"	['/wcsstore/Coles-CAS/images/2/7/4/2743709-th.jpg', '/wcsstore/Coles-CAS/images/2/7/4/2743709_B-th.jpg']
John West	Protein + Calcium Tuna In Oil	$ 1 .75	90g	$19.45 per 1Kg	"Nutrition Facts
Serving size: 1 serving = 82g
Qty
Quantity
per serving Qty
Quantity
per 100g / 100ml %
Percentage
daily intake*
Energy 710kJ 866kJ
Not provided
Protein 18g 22g
Not provided
Total Fat 10.9g 13.3g
Not provided
Saturated Fat 1.5g 1.8g
Not provided
Trans
Less than
< 0.1g
Less than
< 0.1g
Not provided
Polyunsaturated 3.8g 4.6g
Not provided
Mono Unsaturated 5.6g 6.8g
Not provided
Carbohydrate
Less than
< 1g
Less than
< 1g
Not provided
Sugars
Less than
< 1g
Less than
< 1g
Not provided
Sodium 274mg 334mg
Not provided
Calcium 964mg 1180mg 100%
*Percentage Daily Intake per serving. Percentage Daily Intakes are based on an average adult diet of 8700 kJ. Your daily intakes may be higher or lower depending on your energy needs.
Disclaimer:
Product details, including nutritional information and country of origin, may change from time to time and so the product you receive in your order may not reflect the information on this page. Please check the packaging on any product you purchase and if it's not what you expected, feel free to return it for a full refund.
Details
Ingredients:
MSC certified purse seine caught skipjack tuna (Katsuwonus pelamis) (*fish*) (65%), olive oil (12%), sunflower oil, water, tuna bone powder (*fish*) (calcium source) (4%), salt. *Contains fish.*
Allergen:
Contains Fish
Servings Per Pack:
1.0
Dimensions:
39 x 65 x 65mm
Size:
90g
Code: 3919935P
3 9 1 9 9 3 5 P
Customers also purchased
John West Protein + Calcium Tuna Lemon Pepper 90g on special
John West Protein + Calcium Tuna Lemon Pepper
90g on special
$1.75
90g $19.45 per 1Kg
Unit Price
Add
1
for $1.75

John West West Protein + Calcium Tuna Springwater 90g on special
John West West Protein + Calcium Tuna Springwater
90g on special
$1.75
90g $19.45 per 1Kg
Unit Price
Add
1
for $1.75

John West Protein + Calcium Tuna:Chilli 90g on special
John West Protein + Calcium Tuna:Chilli
90g on special
$1.75
90g $19.45 per 1Kg
Unit Price
Add
1
for $1.75

John West Protein+ Bowl Tom & Cous Cous 170g
John West Protein+ Bowl Tom & Cous Cous
170g
$4.00
170g $23.53 per 1Kg
Unit Price
Add
1
for $4.00"	['/wcsstore/Coles-CAS/images/3/9/1/3919935-th.jpg', '/wcsstore/Coles-CAS/images/3/9/1/3919935_B-th.jpg']
John West	Protein+ Bowl Corn BB Lime	$ 4 .00	170g	$23.53 per 1Kg	"Nutrition Facts
Serving size: 1 serving = 170g
Qty
Quantity
per serving Qty
Quantity
per 100g / 100ml %
Percentage
daily intake*
Energy 1100kJ 649kJ
Not provided
Protein 20.1g 11.8g
Not provided
Total Fat 5.6g 3.3g
Not provided
Saturated Fat 0.9g 0.5g
Not provided
Trans
Less than
< 0.1g
Less than
< 0.1g
Not provided
Polyunsaturated 3.1g 1.8g
Not provided
Mono Unsaturated 1.5g 0.9g
Not provided
Carbohydrate 30.9g 18.2g
Not provided
Sugars 3.7g 2.2g
Not provided
Dietary Fibre Total 3.6g 2.1g
Not provided
Sodium 580mg 341mg
Not provided
*Percentage Daily Intake per serving. Percentage Daily Intakes are based on an average adult diet of 8700 kJ. Your daily intakes may be higher or lower depending on your energy needs.
Disclaimer:
Product details, including nutritional information and country of origin, may change from time to time and so the product you receive in your order may not reflect the information on this page. Please check the packaging on any product you purchase and if it's not what you expected, feel free to return it for a full refund.
Details
Country of Origin:
Made in Thailand
Ingredients:
Purse seine caught skipjack *tuna* (Katsuwonus pelamis) (fish) (30%), brown rice (25%), black bean (10%), chargrilled corn (10%), red capsicum, red onion, lime juice (3.5%), vegetable oil, honey, herbs, salt, chilli (0.2%). *Contains fish.*
Allergen:
Contains Fish
Servings Per Pack:
1.0
Dimensions:
132 x 94 x 54mm
Size:
170g
Code: 4409774P
4 4 0 9 7 7 4 P
Customers also purchased
John West Protein+ Bowl Tom & Cous Cous 170g
John West Protein+ Bowl Tom & Cous Cous
170g
$4.00
170g $23.53 per 1Kg
Unit Price
Add
1
for $4.00

John West Protein+ Bowl Caps Three Bean 170g
John West Protein+ Bowl Caps Three Bean
170g
$4.00
170g $23.53 per 1Kg
Unit Price
Add
1
for $4.00

John West Protein+ Bowl Risoni Corn- Caps Lem 170g on special
John West Protein+ Bowl Risoni Corn- Caps Lem
170g on special
$3.00
save
$1.00
170g $17.65 per 1Kg
Unit Price
Add
1
for $3.00

John West Protein+ Bowl Corn Chilli RKB 170g on special
John West Protein+ Bowl Corn Chilli RKB
170g on special
$3.00
save
$1.00
170g $17.65 per 1Kg
Unit Price
Add
1
for $3.00"	['/wcsstore/Coles-CAS/images/4/4/0/4409774-th.jpg', '/wcsstore/Coles-CAS/images/4/4/0/4409774_B-th.jpg']
John West	West Protein + Calcium Tuna Springwater	$ 1 .75	90g	$19.45 per 1Kg	"Nutrition Facts
Serving size: 1 serving = 78g
Qty
Quantity
per serving Qty
Quantity
per 100g / 100ml %
Percentage
daily intake*
Energy 325kJ 417kJ
Not provided
Protein 17.8g 22.8g
Not provided
Total Fat 0.6g 0.8g
Not provided
Saturated Fat 0.2g 0.3g
Not provided
Trans
Less than
< 0.1g
Less than
< 0.1g
Not provided
Polyunsaturated 0.2g 0.3g
Not provided
Mono Unsaturated 0.2g 0.2g
Not provided
Carbohydrate
Less than
< 1g
Less than
< 1g
Not provided
Sugars
Less than
< 1g
Less than
< 1g
Not provided
Sodium 300mg 384mg
Not provided
Calcium 949mg 1220mg 100%
*Percentage Daily Intake per serving. Percentage Daily Intakes are based on an average adult diet of 8700 kJ. Your daily intakes may be higher or lower depending on your energy needs.
Disclaimer:
Product details, including nutritional information and country of origin, may change from time to time and so the product you receive in your order may not reflect the information on this page. Please check the packaging on any product you purchase and if it's not what you expected, feel free to return it for a full refund.
Details
Ingredients:
MSC certified purse seine caught skipjack tuna (Katsuwonus pelamis) (*fish*) (65%), springwater, tuna bone powder (*fish*) (calcium source) (4%), salt. *Contains fish.*
Allergen:
May Contain Soybean, May Contain Egg, May Contain Crustacea, Contains Fish, May Contain Peanuts, May Contain Wheat, May Contain Sesame Seeds
Servings Per Pack:
1.0
Dimensions:
39 x 65 x 65mm
Size:
90g
Code: 3919957P
3 9 1 9 9 5 7 P
Customers also purchased
John West Tempters Mango Chilli Tuna 95g on special
John West Tempters Mango Chilli Tuna
95g on special
buy any 2 for $4.00
Any 2
$ 4
regular price
$2.70 ea
each
95g $28.42 per 1Kg
Unit Price
Pick any 2 for $4.00 ...

John West Protein + Calcium Tuna Lemon Pepper 90g on special
John West Protein + Calcium Tuna Lemon Pepper
90g on special
$1.75
90g $19.45 per 1Kg
Unit Price
Add
1
for $1.75

John West Protein + Calcium Tuna:Chilli 90g on special
John West Protein + Calcium Tuna:Chilli
90g on special
$1.75
90g $19.45 per 1Kg
Unit Price
Add
1
for $1.75

John West Protein + Calcium Tuna In Oil 90g on special
John West Protein + Calcium Tuna In Oil
90g on special
$1.75
90g $19.45 per 1Kg
Unit Price
Add
1
for $1.75"	['/wcsstore/Coles-CAS/images/3/9/1/3919957-th.jpg', '/wcsstore/Coles-CAS/images/3/9/1/3919957_B-th.jpg']
John West	Protein + Calcium Tuna Lemon Pepper	$ 1 .75	90g	$19.45 per 1Kg	"Nutrition Facts
Serving size: 1 serving = 82g
Qty
Quantity
per serving Qty
Quantity
per 100g / 100ml %
Percentage
daily intake*
Energy 489kJ 597kJ
Not provided
Protein 15.3g 18.6g
Not provided
Total Fat 6g 7.3g
Not provided
Saturated Fat 0.8g 1g
Not provided
Trans
Less than
< 0.1g
Less than
< 0.1g
Not provided
Polyunsaturated 3.5g 4.3g
Not provided
Mono Unsaturated 1.6g 2g
Not provided
Carbohydrate
Less than
< 1g
Less than
< 1g
Not provided
Sugars
Less than
< 1g
Less than
< 1g
Not provided
Sodium 321mg 392mg
Not provided
Calcium 1060mg 1290mg 100%
*Percentage Daily Intake per serving. Percentage Daily Intakes are based on an average adult diet of 8700 kJ. Your daily intakes may be higher or lower depending on your energy needs.
Disclaimer:
Product details, including nutritional information and country of origin, may change from time to time and so the product you receive in your order may not reflect the information on this page. Please check the packaging on any product you purchase and if it's not what you expected, feel free to return it for a full refund.
Details
Country of Origin:
Made in Thailand
Ingredients:
MSC certified purse seine skipjack tuna (Katsuwonus pelamis) (*fish*) (58%), water, vegetable oil, tuna bone powder (*fish*) (source of calcium) (4%), lemon juice (2%), spices (contains chilli, celery), citric acid, cracked pepper, salt. *Contains fish.*
Allergen:
Contains Fish
Servings Per Pack:
1.0
Dimensions:
39 x 65 x 65mm
Size:
90g
Code: 3919946P
3 9 1 9 9 4 6 P
Customers also purchased
John West Tempters Onion & Tomato Light Tuna 95g on special
John West Tempters Onion & Tomato Light Tuna
95g on special
buy any 2 for $4.00
Any 2
$ 4
regular price
$2.70 ea
each
95g $28.42 per 1Kg
Unit Price
Pick any 2 for $4.00 ...

John West West Protein + Calcium Tuna Springwater 90g on special
John West West Protein + Calcium Tuna Springwater
90g on special
$1.75
90g $19.45 per 1Kg
Unit Price
Add
1
for $1.75

John West Protein + Calcium Tuna:Chilli 90g on special
John West Protein + Calcium Tuna:Chilli
90g on special
$1.75
90g $19.45 per 1Kg
Unit Price
Add
1
for $1.75

John West Protein + Calcium Tuna In Oil 90g on special
John West Protein + Calcium Tuna In Oil
90g on special
$1.75
90g $19.45 per 1Kg
Unit Price
Add
1
for $1.75"	['/wcsstore/Coles-CAS/images/3/9/1/3919946-th.jpg', '/wcsstore/Coles-CAS/images/3/9/1/3919946_B-th.jpg']
Edgell	Nourish Chemoula Veg Rice Bowl	$ 3 .00	180g	$16.67 per 1Kg	"Nutrition Facts
Serving size: 1 serving = 180g
Qty
Quantity
per serving Qty
Quantity
per 100g / 100ml %
Percentage
daily intake*
Energy 986kJ 548kJ
Not provided
Protein 7.2g 4g
Not provided
Total Fat 11.3g 6.3g
Not provided
Saturated Fat 1.8g 1g
Not provided
Carbohydrate 23.8g 13.2g
Not provided
Sugars 4.5g 2.5g
Not provided
Dietary Fibre Total 5g 2.8g
Not provided
Sodium 310mg 172mg
Not provided
*Percentage Daily Intake per serving. Percentage Daily Intakes are based on an average adult diet of 8700 kJ. Your daily intakes may be higher or lower depending on your energy needs.
Disclaimer:
Product details, including nutritional information and country of origin, may change from time to time and so the product you receive in your order may not reflect the information on this page. Please check the packaging on any product you purchase and if it's not what you expected, feel free to return it for a full refund.
Details
Country of Origin:
Made in Spain
Ingredients:
Vegetables (54%) (sweet potato (22%), broccoli (12%), cauliflower (12%), red capsicum (6%), green capsicum (2%)), cooked chick peas (26%), cooked couscous (*wheat*) (9%), olive oil (5%), green olives (2%), lemon juice concentrate, sugar, lemon zest, spices (0.4%) (cumin, turmeric, white pepper, chilli), salt, coriander. *Contains wheat, gluten.* *Made on equipment that also processes crustacean, egg, fish, milk.*
Allergen:
May Contain Egg, May Contain Crustacea, May Contain Milk, May Contain Fish, Contains Gluten, Contains Wheat
Servings Per Pack:
1.0
Dimensions:
130 x 130 x 54mm
Size:
180g
Code: 4470356P
4 4 7 0 3 5 6 P
Customers also purchased
Edgell Nourish Bowl Spiced Lentil 200g on special
Edgell Nourish Bowl Spiced Lentil
200g on special
$3.00
save
$1.00
200g $15.00 per 1Kg
Unit Price
Add
1
for $3.00

Edgell Snack Time Chick Peas With Olive Oil & Seaslt 70g
Edgell Snack Time Chick Peas With Olive Oil & Seaslt
70g
$1.60
70g $22.86 per 1Kg
Unit Price
Add
1
for $1.60

Edgell Nourish Zesty Cauli Rice Bowl 180g on special
Edgell Nourish Zesty Cauli Rice Bowl
180g on special
$3.00
save
$1.00
180g $16.67 per 1Kg
Unit Price
Add
1
for $3.00"	['/wcsstore/Coles-CAS/images/4/4/7/4470356-th.jpg', '/wcsstore/Coles-CAS/images/4/4/7/4470356_B-th.jpg']
Edgell	Nourish Zesty Cauli Rice Bowl	$ 3 .00	180g	$16.67 per 1Kg	"Nutrition Facts
Serving size: 1 serving = 180g
Qty
Quantity
per serving Qty
Quantity
per 100g / 100ml %
Percentage
daily intake*
Energy 733kJ 407kJ
Not provided
Protein 6.7g 3.7g
Not provided
Total Fat 7.7g 4.3g
Not provided
Saturated Fat 1.3g 0.7g
Not provided
Carbohydrate 16.7g 9.3g
Not provided
Sugars 3.2g 1.8g
Not provided
Dietary Fibre Total 6.1g 3.4g
Not provided
Sodium 472mg 262mg
Not provided
*Percentage Daily Intake per serving. Percentage Daily Intakes are based on an average adult diet of 8700 kJ. Your daily intakes may be higher or lower depending on your energy needs.
Disclaimer:
Product details, including nutritional information and country of origin, may change from time to time and so the product you receive in your order may not reflect the information on this page. Please check the packaging on any product you purchase and if it's not what you expected, feel free to return it for a full refund.
Details
Country of Origin:
Made in Spain
Ingredients:
Vegetables (60%) (cauliflower (46%), zucchini (7%), red capsicum (3%), sweet corn (2%), grilled onion (2%)), legumes (26%) (cooked small red kidney beans (17%), cooked chickpeas (9%)), cooked quinoa (5%), vegetable oils (4%) (olive, sunflower), white wine vinegar (4%), salt, sugar, garlic, parsley, black pepper. *Made on equipment that also processes wheat, gluten, crustacean, egg, fish, milk.*
Allergen:
May Contain Egg, May Contain Crustacea, May Contain Milk, May Contain Wheat, May Contain Fish, May Contain Gluten
Servings Per Pack:
1.0
Dimensions:
130 x 130 x 54mm
Size:
180g
Code: 4470345P
4 4 7 0 3 4 5 P"	['/wcsstore/Coles-CAS/images/4/4/7/4470345-th.jpg', '/wcsstore/Coles-CAS/images/4/4/7/4470345_B-th.jpg']
John West	Cherry Tomato & Chilli Infused Oil Deli Tuna	$ 2 .90	90g	$32.23 per 1Kg	"Nutrition Facts
Serving size: 1 serving = 69g
Qty
Quantity
per serving Qty
Quantity
per 100g / 100ml %
Percentage
daily intake*
Energy 543kJ 787kJ
Not provided
Protein 16.1g 23.4g
Not provided
Total Fat 7g 10.2g
Not provided
Saturated Fat 0.8g 1.2g
Not provided
Trans
Less than
< 0.1g
Less than
< 0.1g
Not provided
Polyunsaturated 4.1g 5.9g
Not provided
Mono Unsaturated 2.1g 3g
Not provided
Carbohydrate
Less than
< 1g
Less than
< 1g
Not provided
Sugars
Less than
< 1g
Less than
< 1g
Not provided
Sodium 266mg 386mg
Not provided
*Percentage Daily Intake per serving. Percentage Daily Intakes are based on an average adult diet of 8700 kJ. Your daily intakes may be higher or lower depending on your energy needs.
Disclaimer:
Product details, including nutritional information and country of origin, may change from time to time and so the product you receive in your order may not reflect the information on this page. Please check the packaging on any product you purchase and if it's not what you expected, feel free to return it for a full refund.
Details
Country of Origin:
Made in Thailand
Ingredients:
Purse seine or pole and line caught yellowfin *tuna* (Thunnus albacares) (65%), vegetable oil (20%), cherry tomato (4%), chilli (3%), water, diced tomato (2%), tomato paste, garlic, salt, basil, food acid (citric), black pepper, natural tomato flavour. *Contains fish.*
Allergen:
Contains Fish
Servings Per Pack:
1.0
Dimensions:
39 x 65 x 65mm
Size:
90g
Code: 3619283P
3 6 1 9 2 8 3 P
Customers also purchased
John West Lime Ginger & A Hint Of Chilli In Oil Deli Tuna 90g
John West Lime Ginger & A Hint Of Chilli In Oil Deli Tuna
90g
$2.90
90g $32.23 per 1Kg
Unit Price
Add
1
for $2.90

John West Chilli Infused Oil & Lemon Zest Deli Tuna 90g
John West Chilli Infused Oil & Lemon Zest Deli Tuna
90g
$2.90
90g $32.23 per 1Kg
Unit Price
Add
1
for $2.90

John West Soy & Caramelised Garlic In Oil Deli Tuna 90g
John West Soy & Caramelised Garlic In Oil Deli Tuna
90g
$2.90
90g $32.23 per 1Kg
Unit Price
Add
1
for $2.90

John West Zesty Lemon & Italian Herbs Deli Tuna 90g
John West Zesty Lemon & Italian Herbs Deli Tuna
90g
$2.90
90g $32.23 per 1Kg
Unit Price
Add
1
for $2.90"	['/wcsstore/Coles-CAS/images/3/6/1/3619283-th.jpg', '/wcsstore/Coles-CAS/images/3/6/1/3619283_B-th.jpg']
John West	Protein + Calcium Tuna:Chilli	$ 1 .75	90g	$19.45 per 1Kg	"Nutrition Facts
Serving size: 1 serving = 79g
Qty
Quantity
per serving Qty
Quantity
per 100g / 100ml %
Percentage
daily intake*
Energy 554kJ 702kJ
Not provided
Protein 14.1g 17.9g
Not provided
Total Fat 8.4g 10.6g
Not provided
Saturated Fat 1g 1.3g
Not provided
Trans
Less than
< 0.1g
Less than
< 0.1g
Not provided
Polyunsaturated 5g 6.3g
Not provided
Mono Unsaturated 2.3g 2.9g
Not provided
Carbohydrate
Less than
< 1g
Less than
< 1g
Not provided
Sugars
Less than
< 1g
Less than
< 1g
Not provided
Sodium 270mg 342mg
Not provided
Calcium 1140mg 1450mg 100%
*Percentage Daily Intake per serving. Percentage Daily Intakes are based on an average adult diet of 8700 kJ. Your daily intakes may be higher or lower depending on your energy needs.
Disclaimer:
Product details, including nutritional information and country of origin, may change from time to time and so the product you receive in your order may not reflect the information on this page. Please check the packaging on any product you purchase and if it's not what you expected, feel free to return it for a full refund.
Details
Ingredients:
MSC certified purse seine caught skipjack *tuna* (Katsuwonus pelamis) (56%), water, vegetable oil, *tuna* bone powder (calcium source) (4%), chilli (2.5%), salt, garlic. *Contains fish.*
Allergen:
Contains Fish
Servings Per Pack:
1.0
Dimensions:
39 x 65 x 65mm
Size:
90g
Code: 3919924P
3 9 1 9 9 2 4 P
Customers also purchased
John West Tempters Mango Chilli Tuna 95g on special
John West Tempters Mango Chilli Tuna
95g on special
buy any 2 for $4.00
Any 2
$ 4
regular price
$2.70 ea
each
95g $28.42 per 1Kg
Unit Price
Pick any 2 for $4.00 ...

John West Protein + Calcium Tuna Lemon Pepper 90g on special
John West Protein + Calcium Tuna Lemon Pepper
90g on special
$1.75
90g $19.45 per 1Kg
Unit Price
Add
1
for $1.75

John West West Protein + Calcium Tuna Springwater 90g on special
John West West Protein + Calcium Tuna Springwater
90g on special
$1.75
90g $19.45 per 1Kg
Unit Price
Add
1
for $1.75

John West Protein + Calcium Tuna In Oil 90g on special
John West Protein + Calcium Tuna In Oil
90g on special
$1.75
90g $19.45 per 1Kg
Unit Price
Add
1
for $1.75"	['/wcsstore/Coles-CAS/images/3/9/1/3919924-th.jpg', '/wcsstore/Coles-CAS/images/3/9/1/3919924_B-th.jpg']
Coles	Cheese Shredded Tasty	$ 7 .50	700g	$10.71 per 1Kg	"Nutrition Facts
Serving size: 1 serving = 25 g
Qty
Quantity
per serving Qty
Quantity
per 100g / 100ml %
Percentage
daily intake*
Energy 433.23 1732.9
Not provided
Energy Cal 103.64 414.57
Not provided
Protein 6.15 24.6
Not provided
Carbohydrate 0.03 0.1
Not provided
Sugars 0.03 0.1
Not provided
Dietary Fibre Total 0.1 0.4
Not provided
Sodium 168.75 675
Not provided
Calcium 171.75 687
Not provided
*Percentage Daily Intake per serving. Percentage Daily Intakes are based on an average adult diet of 8700 kJ. Your daily intakes may be higher or lower depending on your energy needs.
Disclaimer:
Product details, including nutritional information and country of origin, may change from time to time and so the product you receive in your order may not reflect the information on this page. Please check the packaging on any product you purchase and if it's not what you expected, feel free to return it for a full refund.
Details
Ingredients:
INGREDIENTS: Tasty Cheddar Cheese [Milk, Salt, Mineral Salt (509), Cultures (Milk), Enzyme (Vegetarian Rennet)], Anticaking Agent (460), Preservative (200).
Allergen:
Contains MILK
Servings Per Pack:
28.0
Storage Instructions:
Keep refrigerated. Store at or below 5CrnOnce opened, consume within 7 daysrnSuitable for freezing, Keep refrigerated. Store at or below 5C. Once opened, consume within 7 days.
Code: 8145335P
8 1 4 5 3 3 5 P
Customers also purchased
Perfect Italiano Dairy Cheese Extra Sharp Grated Parmesan 125g
Perfect Italiano Dairy Cheese Extra Sharp Grated Parmesan
125g
$4.00
125g $32.00 per 1Kg
Unit Price
Add
1
for $4.00

Coles Dairy Shredded Parmesan Cheese 250g
Coles Dairy Shredded Parmesan Cheese
250g
$6.00
250g $24.00 per 1Kg
Unit Price
Add
1
for $6.00

Coles Australian Shredded Pizza 250g
Coles Australian Shredded Pizza
250g
$5.00
250g $20.00 per 1Kg
Unit Price
Add
1
for $5.00

Zanetti Grana Padano Grated PDO 100g
Zanetti Grana Padano Grated PDO
100g
$5.50
100g $55.00 per 1Kg
Unit Price
Add
1
for $5.50"	[]
Philadelphia	Soft Cream Cheese Tub	$ 4 .50	250g	$18.00 per 1Kg	"Nutrition Facts
Serving size: 1 serving = 25g
Qty
Quantity
per serving Qty
Quantity
per 100g / 100ml %
Percentage
daily intake*
Energy 269kJ 1070kJ 3%
Protein 1.4g 5.4g 3%
Total Fat 6.1g 24.4g 9%
Saturated Fat 4.3g 17.0g 18%
Carbohydrate
Less than
< 1.0g 2.8g
Less than
< 1%
Sugars
Less than
< 1.0g 2.8g 1%
Sodium 88mg 351mg 4%
Gluten Not detected Not detected
Not provided
*Percentage Daily Intake per serving. Percentage Daily Intakes are based on an average adult diet of 8700 kJ. Your daily intakes may be higher or lower depending on your energy needs.
Disclaimer:
Product details, including nutritional information and country of origin, may change from time to time and so the product you receive in your order may not reflect the information on this page. Please check the packaging on any product you purchase and if it's not what you expected, feel free to return it for a full refund.
Details
Ingredients:
Milk, Cream (from Milk), Milk Solids, Salt, Vegetable Gums (410), Starter Culture.
Contains:
Milk. Contains Milk Solids 30%.
Allergen:
Contains Milk
Dietary:
No Artificial Flavours or Colours
Servings Per Pack:
10.0
Storage Instructions:
Keep refrigerated. Do not freeze.
Suitable for:
Spreading and dipping.
Usage Instructions:
Best used within 10 days of opening.
Size:
250g
Warning:
Contains milk.
Code: 5196114P
5 1 9 6 1 1 4 P
Customers also purchased
Kiri Cheese Cream 108g on special
Kiri Cheese Cream
108g on special
$3.30
save
$0.90
108g $30.56 per 1Kg
Unit Price
Add
1
for $3.30

Philadelphia Dairy Cream Cheese Original Block 2 Pack 500g
Philadelphia Dairy Cream Cheese Original Block 2 Pack
500g
$10.00
500g $20.00 per 1Kg
Unit Price
Add
1
for $10.00

Montefiore Mascarpone 250g
Montefiore Mascarpone
250g
$6.50
250g $26.00 per 1Kg
Unit Price
Add
1
for $6.50

Philadelphia Regular Cream For Cooking 250mL
Philadelphia Regular Cream For Cooking
250mL
$3.30
250mL $1.32 per 100mL
Unit Price
Add
1
for $3.30"	[]
Bega	Dairy Natural Tasty Cheese Slices 30 Pack	$ 10 .50	500g	$21.00 per 1Kg	"Nutrition Facts
Serving size: 1 serving = 17g
Qty
Quantity
per serving Qty
Quantity
per 100g / 100ml %
Percentage
daily intake*
Energy 292kJ 1720kJ 3%
Protein 4.1g 24.1g 8%
Total Fat 6.0g 35.3g 8%
Saturated Fat 3.6g 21.3g 17%
Carbohydrate Less than 1g Less than 1g 0%
Sugars Less than 1g Less than 1g 0%
Sodium 122mg 660mg 5%
Calcium
Not provided
660mg
Not provided
*Percentage Daily Intake per serving. Percentage Daily Intakes are based on an average adult diet of 8700 kJ. Your daily intakes may be higher or lower depending on your energy needs.
Disclaimer:
Product details, including nutritional information and country of origin, may change from time to time and so the product you receive in your order may not reflect the information on this page. Please check the packaging on any product you purchase and if it's not what you expected, feel free to return it for a full refund.
Details
Ingredients:
Milk, Salt, Cultures, Enzyme (Non-Animal Rennet).
Contains:
Milk.
Allergen:
Contains Milk
Dietary:
Source of Calcium
Servings Per Pack:
30.0
Storage Instructions:
Keep refrigerated at or below 4C.
Size:
15 Pack
Code: 6704811P
6 7 0 4 8 1 1 P
Customers also purchased
Jarlsberg Dairy Original Swiss Cheese Slices 150g on special
Jarlsberg Dairy Original Swiss Cheese Slices
150g on special
$6.00
save
$2.05
150g $40.00 per 1Kg
Unit Price
Add
1
for $6.00

Dairylea Regular Cheese Slices 36 Pack 648g
Dairylea Regular Cheese Slices 36 Pack
648g
$10.00
Was $11.25 Nov 2022
648g $15.43 per 1Kg
Unit Price
Add
1
for $10.00"	['/wcsstore/Coles-CAS/images/6/7/0/6704811-th.jpg', '/wcsstore/Coles-CAS/images/6/7/0/6704811_L-th.jpg', '/wcsstore/Coles-CAS/images/6/7/0/6704811_B-th.jpg']
Coles	Tasty Cheese Slices 24 Pack	$ 8 .60	500g	$17.20 per 1Kg	"Nutrition Facts
Serving size: 1 serving = Per 1 slice (21g)
Qty
Quantity
per serving Qty
Quantity
per 100g / 100ml %
Percentage
daily intake*
Energy 363.41 1730.5
Not provided
Energy Cal 86.94 414
Not provided
Protein 5.17 24.6
Not provided
Carbohydrate 0.02 0.1
Not provided
Sugars 0.02 0.1
Not provided
Dietary Fibre Total 0.02 0.1
Not provided
Sodium 141.75 675
Not provided
Calcium 144.27 687
Not provided
*Percentage Daily Intake per serving. Percentage Daily Intakes are based on an average adult diet of 8700 kJ. Your daily intakes may be higher or lower depending on your energy needs.
Disclaimer:
Product details, including nutritional information and country of origin, may change from time to time and so the product you receive in your order may not reflect the information on this page. Please check the packaging on any product you purchase and if it's not what you expected, feel free to return it for a full refund.
Details
Ingredients:
INGREDIENTS: Milk, Salt, Mineral Salt (509), Cultures (Milk), Enzyme (Vegetarian Rennet).
Allergen:
Contains MILK
Servings Per Pack:
12.0
Storage Instructions:
Keep refrigerated. Store at or below 5C. Once opened, consume within 7 days., Keep refrigerated. Store at or below 5CrnOnce opened, consume within 7 days
Code: 5433050P
5 4 3 3 0 5 0 P
Customers also purchased
Coles Dairy Cheese Slices Processed 500g
Coles Dairy Cheese Slices Processed
500g
$5.00
500g $10.00 per 1Kg
Unit Price
Add
1
for $5.00

Coles Australian Smokey Individually Wrapped Slices 12 Pack 250g
Coles Australian Smokey Individually Wrapped Slices 12 Pack
250g
$3.70
250g $14.80 per 1Kg
Unit Price
Add
1
for $3.70

Coles Swiss Style Cheese Slices 200g
Coles Swiss Style Cheese Slices
200g
$5.00
200g $2.50 per 100G
Unit Price
Add
1
for $5.00

Cheer Aussie Jack Cheese Slices 250g
Cheer Aussie Jack Cheese Slices
250g
$8.00
250g $32.00 per 1Kg
Unit Price
Add
1
for $8.00"	['/wcsstore/Coles-CAS/images/5/4/3/5433050-th.jpg', '/wcsstore/Coles-CAS/images/5/4/3/5433050_L-th.jpg', '/wcsstore/Coles-CAS/images/5/4/3/5433050_B-th.jpg']
Coles Dairy	Cheese Slices Processed	$ 5 .00	500g	$10.00 per 1Kg	"Nutrition Facts
Serving size: 1 serving = 1 slice (21g)
Qty
Quantity
per serving Qty
Quantity
per 100g / 100ml %
Percentage
daily intake*
Energy 242.95 1156.90
Not provided
Energy Cal 58.12 276.77
Not provided
Protein 3.53 16.80
Not provided
Trans 0.13 0.60
Not provided
Carbohydrate 0.38 1.80
Not provided
Sugars 0.13 0.60
Not provided
Dietary Fibre Total 0.02 0.10
Not provided
Sodium 268.80 1280.00
Not provided
Calcium 105.00 500.00
Not provided
*Percentage Daily Intake per serving. Percentage Daily Intakes are based on an average adult diet of 8700 kJ. Your daily intakes may be higher or lower depending on your energy needs.
Disclaimer:
Product details, including nutritional information and country of origin, may change from time to time and so the product you receive in your order may not reflect the information on this page. Please check the packaging on any product you purchase and if it's not what you expected, feel free to return it for a full refund.
Details
Ingredients:
INGREDIENTS: Cheese (55%) [Milk, Salt, Starter Culture (Milk), Rennet], Water, Hydrogenated Coconut Oil, Milk Solids, Thickeners [407, Potato Starch], Emulsifiers [331, 339], Salt, Acidity Regulator [330], Preservative [200], Natural Colour [Carotene].
Allergen:
Contains MILK
Servings Per Pack:
24.0
Storage Instructions:
Keep refrigerated. Store at or below 5C
Code: 244242P
2 4 4 2 4 2 P
Customers also purchased
Coles Dairy Colby Cheese Slices 12 Pack 250g
Coles Dairy Colby Cheese Slices 12 Pack
250g
$5.00
250g $20.00 per 1Kg
Unit Price
Add
1
for $5.00

Coles Tasty Cheese Slices 24 Pack 500g
Coles Tasty Cheese Slices 24 Pack
500g
$8.60
500g $17.20 per 1Kg
Unit Price
Add
1
for $8.60

Coles Edam Cheese Slices 200g
Coles Edam Cheese Slices
200g
$5.00
200g $25.00 per 1Kg
Unit Price
Add
1
for $5.00"	['/wcsstore/Coles-CAS/images/2/4/4/244242-th.jpg', '/wcsstore/Coles-CAS/images/2/4/4/244242_L-th.jpg', '/wcsstore/Coles-CAS/images/2/4/4/244242_B-th.jpg']
Coles	Cheese Shredded Tasty Light	$ 7 .50	700g	$10.71 per 1Kg	"Nutrition Facts
Serving size: 1 serving = 25 g
Qty
Quantity
per serving Qty
Quantity
per 100g / 100ml %
Percentage
daily intake*
Energy 350.7 1402.8
Not provided
Energy Cal 83.9 335.6
Not provided
Protein 7.43 29.7
Not provided
Total Fat 6.1 24.2 9
Saturated Fat 4.2 16.6 18
Carbohydrate 0.03 0.1
Not provided
Sugars LESS THAN 1g LESS THAN 1g 0
Dietary Fibre Total 0.03 0.1
Not provided
Sodium 166 665 7
Calcium 210.25 841
Not provided
*Percentage Daily Intake per serving. Percentage Daily Intakes are based on an average adult diet of 8700 kJ. Your daily intakes may be higher or lower depending on your energy needs.
Disclaimer:
Product details, including nutritional information and country of origin, may change from time to time and so the product you receive in your order may not reflect the information on this page. Please check the packaging on any product you purchase and if it's not what you expected, feel free to return it for a full refund.
Details
Ingredients:
INGREDIENTS: Light Tasty Cheddar [Milk, Salt, Mineral Salt (509), Cultures (Milk), Enzyme (Vegetarian Rennet)], Anticaking Agent (460), Preservative (200).
Allergen:
Contains MILK
Servings Per Pack:
28.0
Storage Instructions:
Keep refrigerated. Store at or below 5C. Once opened, consume within 7 days.
Code: 8145346P
8 1 4 5 3 4 6 P
Customers also purchased
Coles Dairy Shredded Parmesan Cheese 250g
Coles Dairy Shredded Parmesan Cheese
250g
$6.00
250g $24.00 per 1Kg
Unit Price
Add
1
for $6.00

Coles Pizza Blend Shredded Cheese 700g
Coles Pizza Blend Shredded Cheese
700g
$8.50
700g $12.14 per 1Kg
Unit Price
Add
1
for $8.50

Mil Lel Extra Sharp Parmesan 170g
Mil Lel Extra Sharp Parmesan
170g
$6.90
170g $40.59 per 1Kg
Unit Price
Add
1
for $6.90

Perfect Italiano Mexican Cheese Blend Grated 450g on special
Perfect Italiano Mexican Cheese Blend Grated
450g on special
$7.00
save
$2.00
450g $15.56 per 1Kg
Unit Price
Add
1
for $7.00"	['/wcsstore/Coles-CAS/images/8/1/4/8145346-th.jpg', '/wcsstore/Coles-CAS/images/8/1/4/8145346_B-th.jpg']
Coles	Cheesey Peelers 8x20g	$ 4 .80	160g	$30.00 per 1Kg	"Nutrition Facts
Serving size: 1 serving = 20g
Qty
Quantity
per serving Qty
Quantity
per 100g / 100ml %
Percentage
daily intake*
Energy 259.10 1295.50
Not provided
Energy Cal 61.99 309.93
Not provided
Protein 5.12 25.60
Not provided
Carbohydrate 0.28 1.40
Not provided
Sugars 0.10 0.50
Not provided
Dietary Fibre Total 0.10 0.50
Not provided
Sodium 134.00 670.00
Not provided
Calcium 128.00 640.00
Not provided
*Percentage Daily Intake per serving. Percentage Daily Intakes are based on an average adult diet of 8700 kJ. Your daily intakes may be higher or lower depending on your energy needs.
Disclaimer:
Product details, including nutritional information and country of origin, may change from time to time and so the product you receive in your order may not reflect the information on this page. Please check the packaging on any product you purchase and if it's not what you expected, feel free to return it for a full refund.
Details
Ingredients:
INGREDIENTS: Milk, Salt, Enzyme (Vegetarian Rennet), Starter Culture (Milk).
Allergen:
Contains MILK
Servings Per Pack:
8.0
Storage Instructions:
Keep refrigerated. Store at or below 5C
Code: 1922713P
1 9 2 2 7 1 3 P
Customers also purchased
Bel Dairy Cheese Dippers 4 Pack 140g on special
Bel Dairy Cheese Dippers 4 Pack
140g on special
$4.00
save
$1.50
140g $2.86 per 100G
Unit Price
Add
1
for $4.00

Babybel Mini Cheese Original 100g on special
Babybel Mini Cheese Original
100g on special
$4.00
save
$1.90
100g $40.00 per 1Kg
Unit Price
Add
1
for $4.00

Coles Tasty Cheese & Crackers 4 Pack 120g everyday product
Coles Tasty Cheese & Crackers 4 Pack
120g everyday product
$4.60
120g $3.83 per 100G
Unit Price
Add
1
for $4.60

Coles Kids Triangles Cheese 140g everyday product
Coles Kids Triangles Cheese
140g everyday product
$2.60
140g $18.57 per 1Kg
Unit Price
Add
1
for $2.60"	['/wcsstore/Coles-CAS/images/1/9/2/1922713-th.jpg', '/wcsstore/Coles-CAS/images/1/9/2/1922713_B-th.jpg']
Bega	Dairy Stringers Original Cheese 12 Pack	$ 8 .00	240g	$33.33 per 1Kg	"Nutrition Facts
Serving size: 1 serving = 1 stick (20g)
Qty
Quantity
per serving Qty
Quantity
per 100g / 100ml %
Percentage
daily intake*
Energy 260kJ 1300kJ
Not provided
Protein 5.1g 25.3g
Not provided
Total Fat 4.5g 22.5g
Not provided
Saturated Fat 2.9g 14.7g
Not provided
Carbohydrate Less than 1g 2.0g
Not provided
Sugars Less than 1g Less than 1g
Not provided
Sodium 130mg 650mg
Not provided
Calcium
Not provided
585mg
Not provided
*Percentage Daily Intake per serving. Percentage Daily Intakes are based on an average adult diet of 8700 kJ. Your daily intakes may be higher or lower depending on your energy needs.
Disclaimer:
Product details, including nutritional information and country of origin, may change from time to time and so the product you receive in your order may not reflect the information on this page. Please check the packaging on any product you purchase and if it's not what you expected, feel free to return it for a full refund.
Details
Ingredients:
Milk, Salt, Enzyme (Non-animal Rennet), Culture. Vegetarian Suitable.
Contains:
Milk.
Allergen:
Contains Milk
Dietary:
No Preservatives, No Artificial Flavours or Colours
Servings Per Pack:
12.0
Storage Instructions:
Keep refrigerated at or below 4C., Keep refrigerated at or below 4C.
Size:
12 Pack
Code: 6081118P
6 0 8 1 1 1 8 P
Customers also purchased
Bel Dairy Cheese Dippers 4 Pack 140g on special
Bel Dairy Cheese Dippers 4 Pack
140g on special
$4.00
save
$1.50
140g $2.86 per 100G
Unit Price
Add
1
for $4.00

Babybel Mini Cheese Original 100g on special
Babybel Mini Cheese Original
100g on special
$4.00
save
$1.90
100g $40.00 per 1Kg
Unit Price
Add
1
for $4.00

Mainland On The Go Tasty Cheese & Crackers 4 Pack 120g
Mainland On The Go Tasty Cheese & Crackers 4 Pack
120g
$6.00
Was $7.00 Feb 2023
120g $5.00 per 100G
Unit Price
Add
1
for $6.00

Babybel Mini Cheese Regular 200g on special
Babybel Mini Cheese Regular
200g on special
$8.40
save
$2.10
200g $42.00 per 1Kg
Unit Price
Add
1
for $8.40"	['/wcsstore/Coles-CAS/images/6/0/8/6081118-th.jpg', '/wcsstore/Coles-CAS/images/6/0/8/6081118_B-th.jpg']
Bega	Tasty Block	$ 9 .50	500g	$19.00 per 1Kg	"Nutrition Facts
Serving size: 1 serving = 25g
Qty
Quantity
per serving Qty
Quantity
per 100g / 100ml %
Percentage
daily intake*
Energy 430kJ 1720kJ 5%
Protein 6.2g 24.8g 12%
Total Fat 8.7g 34.7g 12%
Saturated Fat 6.0g 23.8g 25%
Carbohydrate less than 1g less than 1g 0%
Sugars less than 1g less than 1g 0%
Sodium 163mg 650mg 7%
Calcium 185mg 738mg 23% RDI^
*Percentage Daily Intake per serving. Percentage Daily Intakes are based on an average adult diet of 8700 kJ. Your daily intakes may be higher or lower depending on your energy needs.
Disclaimer:
Product details, including nutritional information and country of origin, may change from time to time and so the product you receive in your order may not reflect the information on this page. Please check the packaging on any product you purchase and if it's not what you expected, feel free to return it for a full refund.
Details
Ingredients:
Milk, Salt, Cultures, Enzymes (Non-Animal Rennet).
Contains:
Milk
Allergen:
Contains Milk
Dietary:
Source of Calcium
Servings Per Pack:
20.0
Storage Instructions:
Keep refrigerated at or below 4C.
Suitable for:
Vegetarian suitable, Halal
Size:
500g
Code: 189712P
1 8 9 7 1 2 P
Customers also purchased
Cracker Barrel Special Reserve Cheese Block 250g
Cracker Barrel Special Reserve Cheese Block
250g
$9.20
250g $36.80 per 1Kg
Unit Price
Add
1
for $9.20

Cracker Barrel Extra Sharp Cheese Block 250g
Cracker Barrel Extra Sharp Cheese Block
250g
$9.20
250g $36.80 per 1Kg
Unit Price
Add
1
for $9.20

Great Ocean Road Extra Tasty Cheese Block 500g
Great Ocean Road Extra Tasty Cheese Block
500g
$10.30
Was $11.40 Nov 2022
500g $20.60 per 1Kg
Unit Price
Add
1
for $10.30

Cheer Mozzarella Cheese Block 500g
Cheer Mozzarella Cheese Block
500g
$10.90
500g $21.80 per 1Kg
Unit Price
Add
1
for $10.90"	['/wcsstore/Coles-CAS/images/1/8/9/189712-th.jpg', '/wcsstore/Coles-CAS/images/1/8/9/189712_L-th.jpg', '/wcsstore/Coles-CAS/images/1/8/9/189712_R-th.jpg', '/wcsstore/Coles-CAS/images/1/8/9/189712_B-th.jpg']
Bega	Strong & Bitey Natural Vintage Slices	$ 10 .50	500g	$21.00 per 1Kg	"Nutrition Facts
Serving size: 1 serving = 17g
Qty
Quantity
per serving Qty
Quantity
per 100g / 100ml %
Percentage
daily intake*
Energy 289kJ 1700kJ 3%
Protein 4.3g 25.0g 8%
Total Fat 5.8g 34.0g 8%
Saturated Fat 3.7g 21.5g 17%
Carbohydrate Less than 1g Less than 1g 0%
Sugars Less than 1g Less than 1g 0%
Sodium 122mg 715mg 5%
Calcium
Not provided
730mg
Not provided
*Percentage Daily Intake per serving. Percentage Daily Intakes are based on an average adult diet of 8700 kJ. Your daily intakes may be higher or lower depending on your energy needs.
Disclaimer:
Product details, including nutritional information and country of origin, may change from time to time and so the product you receive in your order may not reflect the information on this page. Please check the packaging on any product you purchase and if it's not what you expected, feel free to return it for a full refund.
Details
Ingredients:
Milk, Salt, Cultures, Enzyme (Non-Animal Rennet). Vegetarian Suitable.
Contains:
Milk.
Allergen:
Contains Milk
Dietary:
Source of Calcium
Servings Per Pack:
30.0
Storage Instructions:
Keep refrigerated at or below 4C.
Size:
30 Pack
Code: 4413658P
4 4 1 3 6 5 8 P"	['/wcsstore/Coles-CAS/images/4/4/1/4413658-th.jpg', '/wcsstore/Coles-CAS/images/4/4/1/4413658_L-th.jpg', '/wcsstore/Coles-CAS/images/4/4/1/4413658_B-th.jpg']
Bega	Tasty Natural Cheese Slices 15 pack	$ 7 .00	250g	$28.00 per 1Kg	"Nutrition Facts
Serving size: 1 serving = 1 slice (approx. 17g)
Qty
Quantity
per serving Qty
Quantity
per 100g / 100ml %
Percentage
daily intake*
Energy 292kJ 1720kJ 3%
Protein 4.1g 24.2g 8%
Total Fat 6.0g 35.3g 8%
Saturated Fat 3.6g 21.3g 17%
Carbohydrate Less than 1g Less than 1g 0%
Sugars Less than 1g Less than 1g 0%
Sodium 122mg 720mg 5%
*Percentage Daily Intake per serving. Percentage Daily Intakes are based on an average adult diet of 8700 kJ. Your daily intakes may be higher or lower depending on your energy needs.
Disclaimer:
Product details, including nutritional information and country of origin, may change from time to time and so the product you receive in your order may not reflect the information on this page. Please check the packaging on any product you purchase and if it's not what you expected, feel free to return it for a full refund.
Details
Ingredients:
Milk, Salt, Cultures, Enzyme (Non-Animal Rennet).
Contains:
Milk.
Allergen:
Contains Milk
Dietary:
Source of Calcium
Servings Per Pack:
15.0
Storage Instructions:
Keep refrigerated at or below 4C., Keep refrigerated at or below 4C.
Suitable for:
Those who follow a halal and vegetarian diet.
Size:
15 Pack
Warning:
Contains allergens. See allergens for details.
Code: 6704323P
6 7 0 4 3 2 3 P
Customers also purchased
Jarlsberg Dairy Swiss Lite Cheese Slices 150g on special
Jarlsberg Dairy Swiss Lite Cheese Slices
150g on special
$6.00
save
$2.05
150g $40.00 per 1Kg
Unit Price
Add
1
for $6.00

Cheer Tasty Cheese Slices 250g
Cheer Tasty Cheese Slices
250g
$8.00
250g $32.00 per 1Kg
Unit Price
Add
1
for $8.00

Bega Strong & Bitey Vintage Cheese Slices 15x250g 250g
Bega Strong & Bitey Vintage Cheese Slices 15x250g
250g
$7.00
250g $28.00 per 1Kg
Unit Price
Add
1
for $7.00

Dairylea Burger Cheese Slices 250g
Dairylea Burger Cheese Slices
250g
$5.00
Until 09 May 2023
250g $20.00 per 1Kg
Unit Price
Add
1
for $5.00"	['/wcsstore/Coles-CAS/images/6/7/0/6704323-th.jpg', '/wcsstore/Coles-CAS/images/6/7/0/6704323_L-th.jpg', '/wcsstore/Coles-CAS/images/6/7/0/6704323_B-th.jpg']
Babybel	Mini Cheese Original	$ 4 .00	100g	$40.00 per 1Kg	"Disclaimer:
Product details, including nutritional information and country of origin, may change from time to time and so the product you receive in your order may not reflect the information on this page. Please check the packaging on any product you purchase and if it's not what you expected, feel free to return it for a full refund.
Details
Country of Origin:
Made in France
Dimensions:
100 x 50 x 50mm
Size:
100g
Code: 6165014P
6 1 6 5 0 1 4 P
Customers also purchased
Bega Dairy Stringers Original Cheese 12 Pack 240g
Bega Dairy Stringers Original Cheese 12 Pack
240g
$8.00
Was $8.50 Feb 2023
240g $33.33 per 1Kg
Unit Price
Add
1
for $8.00

Coles Kids Triangles Cheese 140g everyday product
Coles Kids Triangles Cheese
140g everyday product
$2.60
140g $18.57 per 1Kg
Unit Price
Add
1
for $2.60

Mainland Tasty Cheddar & Supergrains Lavosh Crackers 36g on special
Mainland Tasty Cheddar & Supergrains Lavosh Crackers
36g on special
buy any 2 for $5.00
Any 2
$ 5
regular price
$3.00 ea
each
36g $8.33 per 100G
Unit Price
Pick any 2 for $5.00 ...

Babybel Mini Cheese Original Protein 5 Pack 100g on special
Babybel Mini Cheese Original Protein 5 Pack
100g on special
$4.00
save
$1.90
100g $40.00 per 1Kg
Unit Price
Add
1
for $4.00"	[]
Coles	Tasty Light Cheese Slices 24 Pack	$ 8 .60	500g	$17.20 per 1Kg	"Nutrition Facts
Serving size: 1 serving = Per 1 slice (21g)
Qty
Quantity
per serving Qty
Quantity
per 100g / 100ml %
Percentage
daily intake*
Energy 294.59 1402.8
Not provided
Energy Cal 70.48 335.6
Not provided
Protein 6.24 29.7
Not provided
Carbohydrate 0.02 0.1
Not provided
Sugars 0.02 0.1
Not provided
Dietary Fibre Total 0.02 0.1
Not provided
Sodium 139.65 665
Not provided
Calcium 176.61 841
Not provided
*Percentage Daily Intake per serving. Percentage Daily Intakes are based on an average adult diet of 8700 kJ. Your daily intakes may be higher or lower depending on your energy needs.
Disclaimer:
Product details, including nutritional information and country of origin, may change from time to time and so the product you receive in your order may not reflect the information on this page. Please check the packaging on any product you purchase and if it's not what you expected, feel free to return it for a full refund.
Details
Ingredients:
INGREDIENTS: Milk, Salt, Mineral Salt (509), Cultures (Milk), Enzyme (Vegetarian Rennet).
Allergen:
Contains MILK
Servings Per Pack:
24.0
Storage Instructions:
Keep refrigerated. Store at or below 5C. Once opened, consume within 7 days., Keep refrigerated. Store at or below 5CrnOnce opened, consume within 7 days
Code: 5433027P
5 4 3 3 0 2 7 P
Customers also purchased
Jarlsberg Dairy Swiss Lite Cheese Slices 150g on special
Jarlsberg Dairy Swiss Lite Cheese Slices
150g on special
$6.00
save
$2.05
150g $40.00 per 1Kg
Unit Price
Add
1
for $6.00

Dairylea Less Fat Light Cheese Slices 24 Pack 432g
Dairylea Less Fat Light Cheese Slices 24 Pack
432g
$8.50
432g $19.68 per 1Kg
Unit Price
Add
1
for $8.50

Jarlsberg Dairy Original Swiss Cheese Slices 150g on special
Jarlsberg Dairy Original Swiss Cheese Slices
150g on special
$6.00
save
$2.05
150g $40.00 per 1Kg
Unit Price
Add
1
for $6.00

Coles Australian Smokey Individually Wrapped Slices 12 Pack 250g
Coles Australian Smokey Individually Wrapped Slices 12 Pack
250g
$3.70
250g $14.80 per 1Kg
Unit Price
Add
1
for $3.70"	['/wcsstore/Coles-CAS/images/5/4/3/5433027-th.jpg', '/wcsstore/Coles-CAS/images/5/4/3/5433027_L-th.jpg', '/wcsstore/Coles-CAS/images/5/4/3/5433027_B-th.jpg']
Dairylea	Original Cheese Slices 24 Pack	$ 8 .50	432g	$19.68 per 1Kg	"Nutrition Facts
Serving size: 1 serving = 18 g (1 slice)
Qty
Quantity
per serving Qty
Quantity
per 100g / 100ml %
Percentage
daily intake*
Energy 209 kJ 1160 kJ 2%
Protein 3.6 g 19.8 g 7%
Total Fat 3.8 g 20.9 g 5%
Saturated Fat 2.5 g 13.6 g 10%
Carbohydrate
Less than
< 1.0 g 3.1 g
Less than
< 1%
Sugars
Less than
< 1.0 g 2.4 g
Less than
< 1%
Sodium 242 mg 1350 mg 11%
Vitamin D 0.8g 4.0g 8%
Calcium 144 mg 800 mg 18%
*Percentage Daily Intake per serving. Percentage Daily Intakes are based on an average adult diet of 8700 kJ. Your daily intakes may be higher or lower depending on your energy needs.
Disclaimer:
Product details, including nutritional information and country of origin, may change from time to time and so the product you receive in your order may not reflect the information on this page. Please check the packaging on any product you purchase and if it's not what you expected, feel free to return it for a full refund.
Details
Ingredients:
CHEESE (MINIMUM 41%) (MILK, SALT, STARTER CULTURE, ENZYMES), WATER MILK SOLIDS, BUTTER OR CREAM (FROM MILK) OR MILK FAT, MINERAL SALTS (331, 339, 341), SALT, FOOD ACID (270), PRESERVATIVE (200), COLOUR (160b).
Contains:
MILK
Allergen:
Contains Milk
Dietary:
Source of Calcium, No Artificial Flavours or Colours
Servings Per Pack:
24.0
Storage Instructions:
Keep refrigerated
Suitable for:
Sandwiches, burgers, wraps, or toasties.
Size:
24 Pack (e 432 g)
Warning:
Contains milk.
Code: 215131P
2 1 5 1 3 1 P
Customers also purchased
Dairylea Less Fat Light Cheese Slices 24 Pack 432g
Dairylea Less Fat Light Cheese Slices 24 Pack
432g
$8.50
432g $19.68 per 1Kg
Unit Price
Add
1
for $8.50

Dairylea Regular Cheese Slices 36 Pack 648g
Dairylea Regular Cheese Slices 36 Pack
648g
$10.00
Was $11.25 Nov 2022
648g $15.43 per 1Kg
Unit Price
Add
1
for $10.00

Cheer Tasty Cheese Slices 500g
Cheer Tasty Cheese Slices
500g
$11.70
Was $12.50 Jan 2023
500g $23.40 per 1Kg
Unit Price
Add
1
for $11.70

Coles Australian Smokey Individually Wrapped Slices 12 Pack 250g
Coles Australian Smokey Individually Wrapped Slices 12 Pack
250g
$3.70
250g $14.80 per 1Kg
Unit Price
Add
1
for $3.70"	['/wcsstore/Coles-CAS/images/2/1/5/215131-th.jpg', '/wcsstore/Coles-CAS/images/2/1/5/215131_B-th.jpg']
Coles	Tasty Cheese & Crackers 4 Pack	$ 4 .60	120g	$3.83 per 100G	"Nutrition Facts
Serving size: 1 serving = 30g
Qty
Quantity
per serving Qty
Quantity
per 100g / 100ml %
Percentage
daily intake*
Energy 489 1630 6
Energy Cal 117 390
Not provided
Protein 6.4 21.3 13
Total Fat 7.1 23.8 10
Saturated Fat 4.9 16.2 20
Trans 0.24 0.80
Not provided
Carbohydrate 6.30 21.00
Not provided
Sugars 0.27 0.90
Not provided
Dietary Fibre Total 1.08 3.60
Not provided
Sodium 192 640 8
Calcium 162 540
Not provided
*Percentage Daily Intake per serving. Percentage Daily Intakes are based on an average adult diet of 8700 kJ. Your daily intakes may be higher or lower depending on your energy needs.
Disclaimer:
Product details, including nutritional information and country of origin, may change from time to time and so the product you receive in your order may not reflect the information on this page. Please check the packaging on any product you purchase and if it's not what you expected, feel free to return it for a full refund.
Details
Ingredients:
INGREDIENTS: Cheese (67%) [Milk, Salt, Starter Culture, Enzyme (Vegetarian Rennet)], Crackers (33%) [Wheat Flour, Vegetable Fats and Oils (contains Palm Oil**, Antioxidant (307b)), Salt, Raising Agent (500)].
Allergen:
May Be Present SOY, May Be Present EGG, May Be Present TREE NUTS, Contains MILK, Contains CEREALS CONTAINING GLUTEN, May Be Present PEANUTS, May Be Present SESAME, Contains Wheat
Servings Per Pack:
4.0
Storage Instructions:
Keep refrigerated. Store at or below 5C
Code: 2989028P
2 9 8 9 0 2 8 P
Customers also purchased
Coles Vintage Cheese & Crackers 4 Pack 120g everyday product
Coles Vintage Cheese & Crackers 4 Pack
120g everyday product
$4.60
120g $3.83 per 100G
Unit Price
Add
1
for $4.60

Coles Tasty Cheese Bites And Garlic Chilli Green Olives 45g
Coles Tasty Cheese Bites And Garlic Chilli Green Olives
45g
$2.30
45g $5.11 per 100G
Unit Price
Add
1
for $2.30

Coles Tasty Cheese Bites & Mini Preztels 40g
Coles Tasty Cheese Bites & Mini Preztels
40g
$2.30
40g $5.75 per 100G
Unit Price
Add
1
for $2.30"	['/wcsstore/Coles-CAS/images/2/9/8/2989028-th.jpg', '/wcsstore/Coles-CAS/images/2/9/8/2989028_L-th.jpg', '/wcsstore/Coles-CAS/images/2/9/8/2989028_R-th.jpg', '/wcsstore/Coles-CAS/images/2/9/8/2989028_B-th.jpg']
Coles	Dairy Cheese Slices Processed Lite 24 Pack	$ 5 .00	500g	$10.00 per 1Kg	"Nutrition Facts
Serving size: 1 serving = 1 slice (21g)
Qty
Quantity
per serving Qty
Quantity
per 100g / 100ml %
Percentage
daily intake*
Energy 202.97 966.5
Not provided
Energy Cal 48.56 231.22
Not provided
Protein 3.95 18.8
Not provided
Trans 0.13 0.6
Not provided
Carbohydrate 0.71 3.4
Not provided
Sugars 0.71 3.4
Not provided
Dietary Fibre Total 0.02 0.1
Not provided
Sodium 289.8 1380
Not provided
Calcium 128.1 610
Not provided
*Percentage Daily Intake per serving. Percentage Daily Intakes are based on an average adult diet of 8700 kJ. Your daily intakes may be higher or lower depending on your energy needs.
Disclaimer:
Product details, including nutritional information and country of origin, may change from time to time and so the product you receive in your order may not reflect the information on this page. Please check the packaging on any product you purchase and if it's not what you expected, feel free to return it for a full refund.
Details
Ingredients:
INGREDIENTS: Cheese (55%) [Milk, Salt, Starter Culture (Milk), Rennet], Water, Milk Solids, Emulsifers [331, 339], Hydrogenated Coconut Oil, Salt, Thickener [407], Preservative [200], Natural Colour [Carotene].
Allergen:
Contains MILK
Servings Per Pack:
24.0
Storage Instructions:
Keep refrigerated. Store at or below 5C
Code: 5164639P
5 1 6 4 6 3 9 P
Customers also purchased
Coles Dairy Vintage Cheese Slices 12 Pack 250g
Coles Dairy Vintage Cheese Slices 12 Pack
250g
$5.00
250g $20.00 per 1Kg
Unit Price
Add
1
for $5.00

Bega Light & Tasty Natural Cheese Slices 12x250g 250g
Bega Light & Tasty Natural Cheese Slices 12x250g
250g
$7.00
250g $28.00 per 1Kg
Unit Price
Add
1
for $7.00

Cheer Colby Cheese Slices 500g
Cheer Colby Cheese Slices
500g
$11.70
Was $12.50 Jan 2023
500g $23.40 per 1Kg
Unit Price
Add
1
for $11.70

Cheer Colby Cheese Slices 250g
Cheer Colby Cheese Slices
250g
$8.00
250g $32.00 per 1Kg
Unit Price
Add
1
for $8.00"	['/wcsstore/Coles-CAS/images/5/1/6/5164639-th.jpg', '/wcsstore/Coles-CAS/images/5/1/6/5164639_L-th.jpg', '/wcsstore/Coles-CAS/images/5/1/6/5164639_B-th.jpg']
Cheer	Tasty Cheese Slices	$ 11 .70	500g	$23.40 per 1Kg	"Nutrition Facts
Serving size: 1 serving = 21g
Qty
Quantity
per serving Qty
Quantity
per 100g / 100ml %
Percentage
daily intake*
Energy 355kJ 1690kJ 0%
Protein 5.4g 25.8g 0%
Total Fat 7g 33.3g 0%
Saturated Fat 4.5g 21.6g 0%
Carbohydrate
Less than
< 1g
Less than
< 1g 0%
Sugars
Less than
< 1g
Less than
< 1g 0%
Sodium 151mg 720mg 0%
Calcium 158mg 750mg 20%
*Percentage Daily Intake per serving. Percentage Daily Intakes are based on an average adult diet of 8700 kJ. Your daily intakes may be higher or lower depending on your energy needs.
Disclaimer:
Product details, including nutritional information and country of origin, may change from time to time and so the product you receive in your order may not reflect the information on this page. Please check the packaging on any product you purchase and if it's not what you expected, feel free to return it for a full refund.
Details
Ingredients:
Pasteurized Milk, Salt, Starter Cultures, Non animal rennet
Allergen:
Contains Milk
Servings Per Pack:
24.0
Storage Instructions:
Keep refrigerated at below 5C. Once opened best consumed within 14 days
Dimensions:
76 x 119 x 124mm
Size:
500g
Code: 8578P
8 5 7 8 P
Customers also purchased
Jarlsberg Dairy Swiss Lite Cheese Slices 150g on special
Jarlsberg Dairy Swiss Lite Cheese Slices
150g on special
$6.00
save
$2.05
150g $40.00 per 1Kg
Unit Price
Add
1
for $6.00

Bega Tasty Natural Cheese Slices 15 pack 250g
Bega Tasty Natural Cheese Slices 15 pack
250g
$7.00
250g $28.00 per 1Kg
Unit Price
Add
1
for $7.00

Dairylea Original Cheese Slices 24 Pack 432g
Dairylea Original Cheese Slices 24 Pack
432g
$8.50
432g $19.68 per 1Kg
Unit Price
Add
1
for $8.50

Dairylea Original Cheese Slices 12 pack 216g on special
Dairylea Original Cheese Slices 12 pack
216g on special
$4.00
save
$1.00
216g $18.52 per 1Kg
Unit Price
Add
1
for $4.00"	['/wcsstore/Coles-CAS/images/8/5/7/8578-th.jpg', '/wcsstore/Coles-CAS/images/8/5/7/8578_L-th.jpg', '/wcsstore/Coles-CAS/images/8/5/7/8578_B-th.jpg']
Coles	Australian Tasty Cheese Slices 12 Pack	$ 5 .00	250g	$20.00 per 1Kg	"Nutrition Facts
Serving size: 1 serving = Per 1 slice (21g)
Qty
Quantity
per serving Qty
Quantity
per 100g / 100ml %
Percentage
daily intake*
Energy 363.41 1730.50
Not provided
Energy Cal 86.94 414.00
Not provided
Protein 5.17 24.60
Not provided
Total Fat 7.43 35.40
Not provided
Saturated Fat 5.31 25.30
Not provided
Carbohydrate 0.02 0.10
Not provided
Sugars 0.02 0.10
Not provided
Dietary Fibre Total 0.02 0.10
Not provided
Sodium 141.75 675.00
Not provided
Calcium 144.27 687.00
Not provided
*Percentage Daily Intake per serving. Percentage Daily Intakes are based on an average adult diet of 8700 kJ. Your daily intakes may be higher or lower depending on your energy needs.
Disclaimer:
Product details, including nutritional information and country of origin, may change from time to time and so the product you receive in your order may not reflect the information on this page. Please check the packaging on any product you purchase and if it's not what you expected, feel free to return it for a full refund.
Details
Ingredients:
INGREDIENTS: Milk, Salt, Mineral Salt (509), Cultures (Milk), Enzyme (Vegetarian Rennet).
Allergen:
Contains MILK
Servings Per Pack:
12.0
Storage Instructions:
Keep refrigerated. Store at or below 5C. Once opened, consume within 7 days.
Code: 1472231P
1 4 7 2 2 3 1 P
Customers also purchased
Coles Australian Smokey Individually Wrapped Slices 12 Pack 250g
Coles Australian Smokey Individually Wrapped Slices 12 Pack
250g
$3.70
250g $14.80 per 1Kg
Unit Price
Add
1
for $3.70

Coles Swiss Style Cheese Slices 200g
Coles Swiss Style Cheese Slices
200g
$5.00
200g $2.50 per 100G
Unit Price
Add
1
for $5.00

Coles Monterey Jack Cheese Slices 200g
Coles Monterey Jack Cheese Slices
200g
$5.00
200g $25.00 per 1Kg
Unit Price
Add
1
for $5.00"	['/wcsstore/Coles-CAS/images/1/4/7/1472231-th.jpg', '/wcsstore/Coles-CAS/images/1/4/7/1472231_L-th.jpg', '/wcsstore/Coles-CAS/images/1/4/7/1472231_R-th.jpg', '/wcsstore/Coles-CAS/images/1/4/7/1472231_B-th.jpg']
Bega	Dairy Tasty Grated Cheese	$ 9 .50	500g	$1.90 per 100G	"Nutrition Facts
Serving size: 1 serving = 25g
Qty
Quantity
per serving Qty
Quantity
per 100g / 100ml %
Percentage
daily intake*
Energy 430kJ 1720kJ 5%
Protein 6.1g 24.2g 12%
Total Fat 8.8g 35.3g 13%
Saturated Fat 5.3g 21.3g 22%
Carbohydrate Less than 1g Less than 1g 0%
Sugars Less than 1g Less than 1g 0%
Sodium 180mg 720mg 8%
Calcium 165mg(21% RDI*) 660mg
Not provided
*Percentage Daily Intake per serving. Percentage Daily Intakes are based on an average adult diet of 8700 kJ. Your daily intakes may be higher or lower depending on your energy needs.
Disclaimer:
Product details, including nutritional information and country of origin, may change from time to time and so the product you receive in your order may not reflect the information on this page. Please check the packaging on any product you purchase and if it's not what you expected, feel free to return it for a full refund.
Details
Ingredients:
Cheddar Cheese [Milk, Salt, Cultures, Enzyme (Non-Animal Rennet)], Anti-caking Agent (460), Preservative (200).
Contains:
Milk.
Allergen:
Contains Milk
Dietary:
Source of Calcium
Servings Per Pack:
20.0
Storage Instructions:
Keep refrigerated at or below 4C.
Suitable for:
Vegetarian.
Size:
500g
Code: 6576347P
6 5 7 6 3 4 7 P
Customers also purchased
Perfect Italiano Dairy Cheese Grated Mozzarella:Mozzarella 450g on special
Perfect Italiano Dairy Cheese Grated Mozzarella:Mozzarella
450g on special
$7.00
save
$2.00
450g $15.56 per 1Kg
Unit Price
Add
1
for $7.00

Perfect Italiano Perfect Pizza Grated Cheese 450g on special
Perfect Italiano Perfect Pizza Grated Cheese
450g on special
$7.00
save
$2.00
450g $15.56 per 1Kg
Unit Price
Add
1
for $7.00

Mil Lel Extra Sharp Parmesan 170g
Mil Lel Extra Sharp Parmesan
170g
$6.90
170g $40.59 per 1Kg
Unit Price
Add
1
for $6.90

Mil Lel Shaved Parmesan 170g
Mil Lel Shaved Parmesan
170g
$6.90
170g $40.59 per 1Kg
Unit Price
Add
1
for $6.90"	['/wcsstore/Coles-CAS/images/6/5/7/6576347-th.jpg', '/wcsstore/Coles-CAS/images/6/5/7/6576347_B-th.jpg']
Bega	Strong & Bitey Dairy Cheese Vintage Block	$ 9 .50	500g	$19.00 per 1Kg	"Nutrition Facts
Serving size: 1 serving = 25g
Qty
Quantity
per serving Qty
Quantity
per 100g / 100ml %
Percentage
daily intake*
Energy 430kJ 1720kJ 5%
Protein 6.2g 24.8g 12%
Total Fat 8.7g 34.7g 12%
Saturated Fat 6.0g 23.8g 25%
Carbohydrate LESS THAN 1g LESS THAN 1g 0%
Sugars LESS THAN 1g LESS THAN 1g 0%
Sodium 163mg 650mg 7%
Calcium 185mg (23% RDI*) 738mg
Not provided
*Percentage Daily Intake per serving. Percentage Daily Intakes are based on an average adult diet of 8700 kJ. Your daily intakes may be higher or lower depending on your energy needs.
Disclaimer:
Product details, including nutritional information and country of origin, may change from time to time and so the product you receive in your order may not reflect the information on this page. Please check the packaging on any product you purchase and if it's not what you expected, feel free to return it for a full refund.
Details
Ingredients:
Milk, Salt, Cultures, Enzyme (Non-Animal Rennet).
Contains:
Milk.
Allergen:
Contains Milk
Dietary:
Source of Calcium
Servings Per Pack:
20.0
Storage Instructions:
Keep refrigerated at or below 4C
Suitable for:
Vegetarian.
Size:
500g
Code: 5369052P
5 3 6 9 0 5 2 P
Customers also purchased
Coles Vintage Cheese Block 250g
Coles Vintage Cheese Block
250g
$5.00
250g $2.00 per 100G
Unit Price
Add
1
for $5.00

Cracker Barrel Extra Sharp Cheese Block 250g
Cracker Barrel Extra Sharp Cheese Block
250g
$9.20
250g $36.80 per 1Kg
Unit Price
Add
1
for $9.20

Bega Tasty Cheese Block 250g
Bega Tasty Cheese Block
250g
$7.00
250g $2.80 per 100G
Unit Price
Add
1
for $7.00

Mainland Vintage Cheese Block 400g on special
Mainland Vintage Cheese Block
400g on special
$9.50
save
$0.50
400g $23.75 per 1Kg
Unit Price
Add
1
for $9.50"	['/wcsstore/Coles-CAS/images/5/3/6/5369052-th.jpg', '/wcsstore/Coles-CAS/images/5/3/6/5369052_L-th.jpg', '/wcsstore/Coles-CAS/images/5/3/6/5369052_R-th.jpg', '/wcsstore/Coles-CAS/images/5/3/6/5369052_B-th.jpg']
Cheer	Tasty Cheese Slices	$ 14 .00	750g	$18.67 per 1Kg	"Nutrition Facts
Serving size: 1 serving = 21g
Qty
Quantity
per serving Qty
Quantity
per 100g / 100ml %
Percentage
daily intake*
Energy 355kJ 1690kJ 0%
Protein 5.4g 25.8g 0%
Total Fat 7g 33.3g 0%
Saturated Fat 4.5g 21.6g 0%
Carbohydrate
Less than
< 1g
Less than
< 1g 0%
Sugars
Less than
< 1g
Less than
< 1g 0%
Sodium 151mg 720mg 0%
Calcium 158mg 750mg 20%
*Percentage Daily Intake per serving. Percentage Daily Intakes are based on an average adult diet of 8700 kJ. Your daily intakes may be higher or lower depending on your energy needs.
Disclaimer:
Product details, including nutritional information and country of origin, may change from time to time and so the product you receive in your order may not reflect the information on this page. Please check the packaging on any product you purchase and if it's not what you expected, feel free to return it for a full refund.
Details
Ingredients:
Pasteurized Milk, Salt, Starter Cultures, Non animal rennet
Allergen:
Contains Milk
Servings Per Pack:
36.0
Storage Instructions:
Keep refrigerated at below 5C. Once opened best consumed within 14 days
Dimensions:
103 x 119 x 124mm
Size:
750g
Code: 3274750P
3 2 7 4 7 5 0 P
Customers also purchased
Jarlsberg Dairy Original Swiss Cheese Slices 150g on special
Jarlsberg Dairy Original Swiss Cheese Slices
150g on special
$6.00
save
$2.05
150g $40.00 per 1Kg
Unit Price
Add
1
for $6.00

Dairylea Regular Cheese Slices 36 Pack 648g
Dairylea Regular Cheese Slices 36 Pack
648g
$10.00
Was $11.25 Nov 2022
648g $15.43 per 1Kg
Unit Price
Add
1
for $10.00

Bega Strong & Bitey Vintage Cheese Slices 15x250g 250g
Bega Strong & Bitey Vintage Cheese Slices 15x250g
250g
$7.00
250g $28.00 per 1Kg
Unit Price
Add
1
for $7.00"	['/wcsstore/Coles-CAS/images/3/2/7/3274750-th.jpg', '/wcsstore/Coles-CAS/images/3/2/7/3274750_L-th.jpg', '/wcsstore/Coles-CAS/images/3/2/7/3274750_B-th.jpg']
Dairylea	Regular Cheese Slices 36 Pack	$ 10 .00	648g	$15.43 per 1Kg	"Nutrition Facts
Serving size: 1 serving = 18 g (1 slice)
Qty
Quantity
per serving Qty
Quantity
per 100g / 100ml %
Percentage
daily intake*
Energy 209 kJ 1160 kJ 2%
Protein 3.6 g 19.8 g 7%
Total Fat 3.8 g 20.9 g 5%
Saturated Fat 2.5 g 13.6 g 10%
Carbohydrate
Less than
< 1.0 g 3.1 g
Less than
< 1%
Sugars
Less than
< 1.0 g 2.4 g
Less than
< 1%
Sodium 242 mg 1350 mg 11%
Calcium 144 mg 800 mg 18%
*Percentage Daily Intake per serving. Percentage Daily Intakes are based on an average adult diet of 8700 kJ. Your daily intakes may be higher or lower depending on your energy needs.
Disclaimer:
Product details, including nutritional information and country of origin, may change from time to time and so the product you receive in your order may not reflect the information on this page. Please check the packaging on any product you purchase and if it's not what you expected, feel free to return it for a full refund.
Details
Ingredients:
CHEESE (MINIMUM 41%) (MILK, SALT, STARTER CULTURE, ENZYMES), WATER MILK SOLIDS, BUTTER OR CREAM (FROM MILK) OR MILK FAT, MINERAL SALTS (331, 339, 341), SALT, FOOD ACID (270), PRESERVATIVE (200), COLOUR (160b).
Contains:
MILK
Allergen:
Contains Milk
Servings Per Pack:
36.0
Storage Instructions:
Keep refrigerated
Size:
36 Pack (e 648 g)
Code: 5185821P
5 1 8 5 8 2 1 P
Customers also purchased
Dairylea Original Cheese Slices 24 Pack 432g
Dairylea Original Cheese Slices 24 Pack
432g
$8.50
432g $19.68 per 1Kg
Unit Price
Add
1
for $8.50

Coles Australian Smokey Individually Wrapped Slices 12 Pack 250g
Coles Australian Smokey Individually Wrapped Slices 12 Pack
250g
$3.70
250g $14.80 per 1Kg
Unit Price
Add
1
for $3.70"	['/wcsstore/Coles-CAS/images/5/1/8/5185821-th.jpg', '/wcsstore/Coles-CAS/images/5/1/8/5185821_B-th.jpg']
Bega	Strong & Bitey Vintage Cheese Slices 15x250g	$ 7 .00	250g	$28.00 per 1Kg	"Nutrition Facts
Serving size: 1 serving = 17g
Qty
Quantity
per serving Qty
Quantity
per 100g / 100ml %
Percentage
daily intake*
Energy 289kJ 1700kJ 3%
Protein 4.3g 25.0g 8%
Total Fat 5.8g 34.0g 8%
Saturated Fat 3.7g 21.5g 17%
Carbohydrate Less than 1g Less than 1g 0%
Sugars Less than 1g Less than 1g 0%
Sodium 122mg 715mg 5%
Calcium
Not provided
730mg
Not provided
*Percentage Daily Intake per serving. Percentage Daily Intakes are based on an average adult diet of 8700 kJ. Your daily intakes may be higher or lower depending on your energy needs.
Disclaimer:
Product details, including nutritional information and country of origin, may change from time to time and so the product you receive in your order may not reflect the information on this page. Please check the packaging on any product you purchase and if it's not what you expected, feel free to return it for a full refund.
Details
Ingredients:
Milk, Salt, Cultures, Enzyme (Non-Animal Rennet). Vegetarian Suitable.
Contains:
Milk.
Allergen:
Contains Milk
Dietary:
Source of Calcium
Servings Per Pack:
15.0
Storage Instructions:
Keep refrigerated at or below 4C.
Size:
15 Pack
Code: 9759365P
9 7 5 9 3 6 5 P
Customers also purchased
Bega Tasty Natural Cheese Slices 15 pack 250g
Bega Tasty Natural Cheese Slices 15 pack
250g
$7.00
250g $28.00 per 1Kg
Unit Price
Add
1
for $7.00

Jarlsberg Dairy Original Swiss Cheese Slices 150g on special
Jarlsberg Dairy Original Swiss Cheese Slices
150g on special
$6.00
save
$2.05
150g $40.00 per 1Kg
Unit Price
Add
1
for $6.00

Bega Light & Tasty Natural Cheese Slices 12x250g 250g
Bega Light & Tasty Natural Cheese Slices 12x250g
250g
$7.00
250g $28.00 per 1Kg
Unit Price
Add
1
for $7.00

Bega Easy Melt Colby Slices 250g
Bega Easy Melt Colby Slices
250g
$7.00
250g $28.00 per 1Kg
Unit Price
Add
1
for $7.00"	['/wcsstore/Coles-CAS/images/9/7/5/9759365-th.jpg', '/wcsstore/Coles-CAS/images/9/7/5/9759365_L-th.jpg', '/wcsstore/Coles-CAS/images/9/7/5/9759365_B-th.jpg']
The Laughing Cow	Cheese Spread	$ 4 .70	128g	$36.72 per 1Kg	"Disclaimer:
Product details, including nutritional information and country of origin, may change from time to time and so the product you receive in your order may not reflect the information on this page. Please check the packaging on any product you purchase and if it's not what you expected, feel free to return it for a full refund.
Details
Country of Origin:
Made in Poland
Dimensions:
21 x 112 x 112mm
Size:
128g
Code: 7646109P
7 6 4 6 1 0 9 P
Customers also purchased
Bel Dairy Cheese Dippers 4 Pack 140g on special
Bel Dairy Cheese Dippers 4 Pack
140g on special
$4.00
save
$1.50
140g $2.86 per 100G
Unit Price
Add
1
for $4.00

The Laughing Cow Light Less Fat Cheese Spread 128g
The Laughing Cow Light Less Fat Cheese Spread
128g
$4.70
128g $3.67 per 100G
Unit Price
Add
1
for $4.70

Mainland Munchables Tasty Cheese & Crackers 4 pack 120g
Mainland Munchables Tasty Cheese & Crackers 4 pack
120g
$6.00
Was $7.00 Feb 2023
120g $5.00 per 100G
Unit Price
Add
1
for $6.00

Babybel Mini Cheese Regular 200g on special
Babybel Mini Cheese Regular
200g on special
$8.40
save
$2.10
200g $42.00 per 1Kg
Unit Price
Add
1
for $8.40"	['/wcsstore/Coles-CAS/images/7/6/4/7646109-th.jpg', '/wcsstore/Coles-CAS/images/7/6/4/7646109_B-th.jpg']
Philadelphia	Light Cream Cheese Tub	$ 4 .50	250g	$18.00 per 1Kg	"Nutrition Facts
Serving size: 1 serving = 25g
Qty
Quantity
per serving Qty
Quantity
per 100g / 100ml %
Percentage
daily intake*
Energy 188kJ 753kJ 2%
Protein 2.0g 8.0g 4%
Total Fat 3.4g 13.7g 5%
Saturated Fat 2.4g 9.6g 10%
Carbohydrate 1.0g 4.0g
Less than
< 1%
Sugars 1.0g 4.0g 1%
Sodium 65mg 260mg 3%
Gluten Not detected Not detected
Not provided
*Percentage Daily Intake per serving. Percentage Daily Intakes are based on an average adult diet of 8700 kJ. Your daily intakes may be higher or lower depending on your energy needs.
Disclaimer:
Product details, including nutritional information and country of origin, may change from time to time and so the product you receive in your order may not reflect the information on this page. Please check the packaging on any product you purchase and if it's not what you expected, feel free to return it for a full refund.
Details
Ingredients:
Milk, Cream (from Milk), Water, Milk Solids, Salt, Vegetable Gum (412, 410), Starter Culture.
Contains:
Milk. Contains Milk Solids 25%.
Allergen:
Contains Milk
Servings Per Pack:
10.0
Storage Instructions:
Keep refrigerated. Do not freeze.
Suitable for:
Spreading and dipping.
Usage Instructions:
Best used within 10 days of opening.
Size:
250g
Warning:
Contains milk.
Code: 350057P
3 5 0 0 5 7 P
Customers also purchased
Philadelphia Light Cream Cheese Block 250g
Philadelphia Light Cream Cheese Block
250g
$5.70
250g $22.80 per 1Kg
Unit Price
2more varieties
of Philadelphia Light Cream Cheese Block 250g
Add
1
for $5.70

Bulla Dairy Low Fat Plain Cottage Cheese 200g
Bulla Dairy Low Fat Plain Cottage Cheese
200g
$3.50
200g $17.50 per 1Kg
Unit Price
Add
1
for $3.50

Coles Light Ricotta 375g everyday product
Coles Light Ricotta
375g everyday product
$3.30
375g $8.80 per 1Kg
Unit Price
Add
1
for $3.30"	['/wcsstore/Coles-CAS/images/3/5/0/350057-th.jpg', '/wcsstore/Coles-CAS/images/3/5/0/350057_L-th.jpg', '/wcsstore/Coles-CAS/images/3/5/0/350057_B-th.jpg']
Cheer	Colby Cheese Slices	$ 11 .70	500g	$23.40 per 1Kg	"Nutrition Facts
Serving size: 1 serving = 21g
Qty
Quantity
per serving Qty
Quantity
per 100g / 100ml %
Percentage
daily intake*
Energy 344kJ 1640kJ 0%
Protein 5.1g 24.5g 0%
Total Fat 6.8g 32.5g 0%
Saturated Fat 4.7g 22.5g 0%
Carbohydrate
Less than
< 1g
Less than
< 1g 0%
Sugars
Less than
< 1g
Less than
< 1g 0%
Sodium 143mg 680mg 0%
Calcium 158mg 750mg 20%
*Percentage Daily Intake per serving. Percentage Daily Intakes are based on an average adult diet of 8700 kJ. Your daily intakes may be higher or lower depending on your energy needs.
Disclaimer:
Product details, including nutritional information and country of origin, may change from time to time and so the product you receive in your order may not reflect the information on this page. Please check the packaging on any product you purchase and if it's not what you expected, feel free to return it for a full refund.
Details
Ingredients:
Pasteurized Milk, Salt, Starter Cultures, Non animal rennet
Allergen:
Contains Milk
Servings Per Pack:
24.0
Storage Instructions:
Keep refrigerated at below 5C. Once opened best consumed within 14 days
Dimensions:
124 x 119 x 76mm
Size:
500g
Code: 2781978P
2 7 8 1 9 7 8 P"	['/wcsstore/Coles-CAS/images/2/7/8/2781978-th.jpg', '/wcsstore/Coles-CAS/images/2/7/8/2781978_L-th.jpg', '/wcsstore/Coles-CAS/images/2/7/8/2781978_B-th.jpg']
Bega	Natural 25% Red Fat Tasty Slices 30 pack	$ 10 .50	500g	$21.00 per 1Kg	"Nutrition Facts
Serving size: 1 serving = 1 slice (approx. 17g)
Qty
Quantity
per serving Qty
Quantity
per 100g / 100ml %
Percentage
daily intake*
Energy 243kJ 1430kJ 3%
Protein 5.2g 30.3g 11%
Total Fat 4.2g 24.6g 6%
Saturated Fat 2.5g 14.8g 11%
Carbohydrate Less than 1g Less than 1g 0%
Sugars Less than 1g Less than 1g 0%
Sodium 116mg 680mg 4%
*Percentage Daily Intake per serving. Percentage Daily Intakes are based on an average adult diet of 8700 kJ. Your daily intakes may be higher or lower depending on your energy needs.
Disclaimer:
Product details, including nutritional information and country of origin, may change from time to time and so the product you receive in your order may not reflect the information on this page. Please check the packaging on any product you purchase and if it's not what you expected, feel free to return it for a full refund.
Details
Ingredients:
Milk, Salt, Cultures, Enzyme (Non-Animal Rennet).
Contains:
Milk.
Allergen:
Contains Milk
Dietary:
Source of Calcium
Servings Per Pack:
30.0
Storage Instructions:
Keep refrigerated at or below 4C., Keep refrigerated at or below 4C.
Suitable for:
Those who follow a halal and vegetarian diet.
Size:
30 Pack
Warning:
Contains allergens. See allergens for details.
Code: 9184139P
9 1 8 4 1 3 9 P
Customers also purchased
Jarlsberg Dairy Swiss Lite Cheese Slices 150g on special
Jarlsberg Dairy Swiss Lite Cheese Slices
150g on special
$6.00
save
$2.05
150g $40.00 per 1Kg
Unit Price
Add
1
for $6.00

Dairylea Less Fat Light Cheese Slices 24 Pack 432g
Dairylea Less Fat Light Cheese Slices 24 Pack
432g
$8.50
432g $19.68 per 1Kg
Unit Price
Add
1
for $8.50

Dairylea Original Cheese Slices 12 pack 216g on special
Dairylea Original Cheese Slices 12 pack
216g on special
$4.00
save
$1.00
216g $18.52 per 1Kg
Unit Price
Add
1
for $4.00

Bega Light & Tasty Natural Cheese Slices 12x250g 250g
Bega Light & Tasty Natural Cheese Slices 12x250g
250g
$7.00
250g $28.00 per 1Kg
Unit Price
Add
1
for $7.00"	['/wcsstore/Coles-CAS/images/9/1/8/9184139-th.jpg', '/wcsstore/Coles-CAS/images/9/1/8/9184139_L-th.jpg', '/wcsstore/Coles-CAS/images/9/1/8/9184139_B-th.jpg']
Mainland	Munchables Tasty Cheese & Crackers 4 pack	$ 6 .00	120g	$5.00 per 100G	"Nutrition Facts
Serving size: 1 serving = 30g
Qty
Quantity
per serving Qty
Quantity
per 100g / 100ml %
Percentage
daily intake*
Energy 548kJ 1830kJ
Not provided
Protein 5.2g 17.3g
Not provided
Total Fat 8.8g 29.4g 8.7g
Saturated Fat 5.8g 19.2g
Not provided
Carbohydrate 7.6g 25.5g
Not provided
Sugars 0.8g 2.5g
Not provided
Sodium 218mg 726mg
Not provided
Calcium 139mg 463mg
Not provided
*Percentage Daily Intake per serving. Percentage Daily Intakes are based on an average adult diet of 8700 kJ. Your daily intakes may be higher or lower depending on your energy needs.
Disclaimer:
Product details, including nutritional information and country of origin, may change from time to time and so the product you receive in your order may not reflect the information on this page. Please check the packaging on any product you purchase and if it's not what you expected, feel free to return it for a full refund.
Details
Ingredients:
Cheese 63%: Pasteurised *Milk*, Salt, Cultures, Enzyme (Rennet). Snack Cracker 37%: *Wheat* Flour, Vegetable Fats and Oil (Antioxidants [307b, 307, 322 (*Soy*]).Glucose Syrup (*Wheat*), Sugar, Malt Extract (From *Barley*), Salt, Raising Agents (500, 450, 503), Preservative (223 [*Sulphite*]).
Contains:
Contains: Milk, wheat, soy, barley and sulphite
Allergen:
May Be Present Sesame, Contains Barley, May Be Present Tree Nuts, May Be Present Peanuts, Contains Soy, Contains Wheat, Contains Milk, Contains Sulphites, May Be Present Egg
Servings Per Pack:
4.0
Storage Instructions:
Keep refrigerated at or below 4C
Size:
120 g
Code: 6577500P
6 5 7 7 5 0 0 P
Customers also purchased
Mainland On The Go Tasty Cheese & Crackers 4 Pack 120g
Mainland On The Go Tasty Cheese & Crackers 4 Pack
120g
$6.00
Was $7.00 Feb 2023
120g $5.00 per 100G
Unit Price
Add
1
for $6.00

Mainland Munchables Cheese & Rice Crackers 4 Pack 96g
Mainland Munchables Cheese & Rice Crackers 4 Pack
96g
$6.00
Was $7.00 Feb 2023
96g $6.25 per 100G
Unit Price
Add
1
for $6.00

Coles TASTY CHEESE BITES & SOY CRISPS 45g
Coles TASTY CHEESE BITES & SOY CRISPS
45g
$2.30
45g $5.11 per 100G
Unit Price
Add
1
for $2.30

Mainland On The Go Cheese & Balsamic Beetroot Lunch Pack 110g
Mainland On The Go Cheese & Balsamic Beetroot Lunch Pack
110g
$5.00
Was $5.50 Feb 2023
110g $4.55 per 100G
Unit Price
Add
1
for $5.00"	[]
Primo	Stacker Leg Ham Cheese & Crackers	$ 4 .25	50g	$8.50 per 100G	"Nutrition Facts
Serving size: 1 serving = 50g
Qty
Quantity
per serving Qty
Quantity
per 100g / 100ml %
Percentage
daily intake*
Energy 566kJ 1130kJ 7%
Protein 9.9g 19.9g 20%
Total Fat 6.7g 13.3g 10%
Saturated Fat 4.3g 8.6g 18%
Carbohydrate 8.8g 17.6g 3%
Sugars Less than 1g 1g
Less than
< 1%
Sodium 402mg 804mg 17%
*Percentage Daily Intake per serving. Percentage Daily Intakes are based on an average adult diet of 8700 kJ. Your daily intakes may be higher or lower depending on your energy needs.
Disclaimer:
Product details, including nutritional information and country of origin, may change from time to time and so the product you receive in your order may not reflect the information on this page. Please check the packaging on any product you purchase and if it's not what you expected, feel free to return it for a full refund.
Details
Ingredients:
Champagne Ham [Pork, Water, Acidity Regulators (326, 262), Modified Maize Starch (1442), Cure [Salt, Mineral Salts (451, 450), Sugar, Antioxidant (316), Preservative (250), Dextrose (Maize or Tapioca)], Natural Flavours, Wood Smoke], Cheese [Pasteurised Milk, Salt, Starter Cultures, Enzyme (Non-Animal Rennet)], Water Crackers [Wheat Flour, Vegetable Fats & Oils (Antioxidant (307b), Salt, Raising Agent (500)].
Contains:
Milk & Gluten.
Allergen:
May Be Present Sesame, May Be Present Soy, May Be Present Tree Nuts, May Be Present Peanuts, Contains Gluten, May Be Present Sulphites, Contains Milk, May Be Present Lupin, May Be Present Egg
Servings Per Pack:
1.0
Storage Instructions:
Store at or below 4C.
Usage Instructions:
Consume immediately after opening.
Size:
50g
Code: 3752705P
3 7 5 2 7 0 5 P
Customers also purchased
Primo Stacker Chicken Cheese & Rice Crackers 45g
Primo Stacker Chicken Cheese & Rice Crackers
45g
$4.25
45g $9.44 per 100G
Unit Price
Add
1
for $4.25

Primo Stacker Mild Salami Cheese & Crackers 50g
Primo Stacker Mild Salami Cheese & Crackers
50g
$4.25
50g $8.50 per 100G
Unit Price
Add
1
for $4.25

Primo Stackers Spicy Chorizo Cheese & Crackers 50g
Primo Stackers Spicy Chorizo Cheese & Crackers
50g
$4.25
50g
Add
1
for $4.25

Primo Stacker Danish Salami Cheese & Crackers 45g
Primo Stacker Danish Salami Cheese & Crackers
45g
$4.25
45g $9.44 per 100G
Unit Price
Add
1
for $4.25"	['/wcsstore/Coles-CAS/images/3/7/5/3752705-th.jpg', '/wcsstore/Coles-CAS/images/3/7/5/3752705_L-th.jpg', '/wcsstore/Coles-CAS/images/3/7/5/3752705_R-th.jpg', '/wcsstore/Coles-CAS/images/3/7/5/3752705_B-th.jpg']
Coles	Vintage Cheese & Crackers 4 Pack	$ 4 .60	120g	$3.83 per 100G	"Nutrition Facts
Serving size: 1 serving = 30g
Qty
Quantity
per serving Qty
Quantity
per 100g / 100ml %
Percentage
daily intake*
Energy 502 1670 6
Energy Cal 120 400
Not provided
Protein 6.18 20.60
Not provided
Total Fat 7.56 25.20
Not provided
Saturated Fat 5.13 17.10
Not provided
Trans 0.30 1.00
Not provided
Carbohydrate 6.4 21.3 2
Sugars 0.24 0.80
Not provided
Dietary Fibre Total 1.02 3.40
Not provided
Sodium 192 640 8
Calcium 162 540
Not provided
*Percentage Daily Intake per serving. Percentage Daily Intakes are based on an average adult diet of 8700 kJ. Your daily intakes may be higher or lower depending on your energy needs.
Disclaimer:
Product details, including nutritional information and country of origin, may change from time to time and so the product you receive in your order may not reflect the information on this page. Please check the packaging on any product you purchase and if it's not what you expected, feel free to return it for a full refund.
Details
Ingredients:
INGREDIENTS: Cheese (67%) [Milk, Salt, Starter Culture, Enzyme (Vegetarian Rennet)], Crackers (33%) [Wheat Flour, Vegetable Fats and Oils (contains Palm Oil**, Antioxidant (307b)), Salt, Raising Agent (500)].
Allergen:
May Be Present SOY, May Be Present EGG, May Be Present TREE NUTS, Contains MILK, Contains CEREALS CONTAINING GLUTEN, May Be Present PEANUTS, May Be Present SESAME, Contains Wheat
Servings Per Pack:
4.0
Storage Instructions:
Keep refrigerated. Store at or below 5C
Code: 2989039P
2 9 8 9 0 3 9 P
Customers also purchased
Mainland On The Go Extra Tasty Cheese & Date Apricot Crackers 38g on special
Mainland On The Go Extra Tasty Cheese & Date Apricot Crackers
38g on special
buy any 2 for $5.00
Any 2
$ 5
regular price
$3.00 ea
each
38g $7.89 per 100G
Unit Price
Pick any 2 for $5.00 ...

Mainland On The Go Tasty Cheese & Cranberry Sunflower Crackers 38g on special
Mainland On The Go Tasty Cheese & Cranberry Sunflower Crackers
38g on special
buy any 2 for $5.00
Any 2
$ 5
regular price
$3.00 ea
each
38g $7.89 per 100G
Unit Price
Pick any 2 for $5.00 ...

Coles TASTY CHEESE BITES & SOY CRISPS 45g
Coles TASTY CHEESE BITES & SOY CRISPS
45g
$2.30
45g $5.11 per 100G
Unit Price
Add
1
for $2.30

Mainland Tasty Cheddar & Rosemary & Rock Salt Lavosh Crackers 37g on special
Mainland Tasty Cheddar & Rosemary & Rock Salt Lavosh Crackers
37g on special
buy any 2 for $5.00
Any 2
$ 5
regular price
$3.00 ea
each
37g $8.11 per 100G
Unit Price
Pick any 2 for $5.00 ..."	['/wcsstore/Coles-CAS/images/2/9/8/2989039-th.jpg', '/wcsstore/Coles-CAS/images/2/9/8/2989039_L-th.jpg', '/wcsstore/Coles-CAS/images/2/9/8/2989039_R-th.jpg']
Cheer	Tasty Cheese Slices	$ 8 .00	250g	$32.00 per 1Kg	"Nutrition Facts
Serving size: 1 serving = 21g
Qty
Quantity
per serving Qty
Quantity
per 100g / 100ml %
Percentage
daily intake*
Energy 355kJ 1690kJ 0%
Protein 5.4g 25.8g 0%
Total Fat 7g 33.3g 0%
Saturated Fat 4.5g 21.6g 0%
Carbohydrate
Less than
< 1g
Less than
< 1g 0%
Sugars
Less than
< 1g
Less than
< 1g 0%
Sodium 151mg 720mg 0%
Calcium 158mg 750mg 20%
*Percentage Daily Intake per serving. Percentage Daily Intakes are based on an average adult diet of 8700 kJ. Your daily intakes may be higher or lower depending on your energy needs.
Disclaimer:
Product details, including nutritional information and country of origin, may change from time to time and so the product you receive in your order may not reflect the information on this page. Please check the packaging on any product you purchase and if it's not what you expected, feel free to return it for a full refund.
Details
Ingredients:
Pasteurized Milk, Salt, Starter Cultures, Non animal rennet
Allergen:
Contains Milk
Servings Per Pack:
12.0
Storage Instructions:
Keep refrigerated at below 5C. Once opened best consumed within 14 days
Dimensions:
40 x 119 x 124mm
Size:
250g
Code: 217104P
2 1 7 1 0 4 P
Customers also purchased
Cheer Mozzarella Cheese Slices 250g
Cheer Mozzarella Cheese Slices
250g
$8.00
250g $32.00 per 1Kg
Unit Price
Add
1
for $8.00

Cheer Aussie Jack Cheese Slices 250g
Cheer Aussie Jack Cheese Slices
250g
$8.00
250g $32.00 per 1Kg
Unit Price
Add
1
for $8.00

Cheer Colby Cheese Slices 250g
Cheer Colby Cheese Slices
250g
$8.00
250g $32.00 per 1Kg
Unit Price
Add
1
for $8.00"	['/wcsstore/Coles-CAS/images/2/1/7/217104-th.jpg', '/wcsstore/Coles-CAS/images/2/1/7/217104_B-th.jpg']
Dairylea	Less Fat Light Cheese Slices 24 Pack	$ 8 .50	432g	$19.68 per 1Kg	"Nutrition Facts
Serving size: 1 serving = 18 g (1 slice)
Qty
Quantity
per serving Qty
Quantity
per 100g / 100ml %
Percentage
daily intake*
Energy 165 kJ 911 kJ 2%
Protein 3.4 g 19.1 g 7%
Total Fat 2.8 g 15.4 g 4%
Saturated Fat 1.8 g 10.0 g 8%
Carbohydrate
Less than
< 1.0 g 1.0 g
Less than
< 1%
Sugars
Less than
< 1.0 g
Less than
< 1.0 g
Less than
< 1%
Sodium 249 mg 1380 mg 11%
Vitamin D 0.8g 4.0g 8%
Calcium 144 mg 800 mg 18%
*Percentage Daily Intake per serving. Percentage Daily Intakes are based on an average adult diet of 8700 kJ. Your daily intakes may be higher or lower depending on your energy needs.
Disclaimer:
Product details, including nutritional information and country of origin, may change from time to time and so the product you receive in your order may not reflect the information on this page. Please check the packaging on any product you purchase and if it's not what you expected, feel free to return it for a full refund.
Details
Ingredients:
Cheese (Minimum 41%), (Milk, Salt, Starter Culture, Enzymes), Water, Milk Solids, Mineral Salts (331, 339, 341), Food Acid (270), Salt, Butter Or Cream (From Milk) Or Milk Fat, Preservative (200), Colour (160B).
Contains:
Milk.
Allergen:
Contains Milk
Dietary:
Source of Calcium, No Artificial Flavours or Colours
Servings Per Pack:
24.0
Storage Instructions:
Keep refrigerated.
Suitable for:
Sandwiches, toast, rolls, wraps.
Size:
24 Pack (e 432 g)
Warning:
Contains milk.
Code: 6679678P
6 6 7 9 6 7 8 P
Customers also purchased
Dairylea Original Cheese Slices 24 Pack 432g
Dairylea Original Cheese Slices 24 Pack
432g
$8.50
432g $19.68 per 1Kg
Unit Price
Add
1
for $8.50

Bega Natural 25% Red Fat Tasty Slices 30 pack 500g
Bega Natural 25% Red Fat Tasty Slices 30 pack
500g
$10.50
Was $11.50 Jan 2023
500g $21.00 per 1Kg
Unit Price
Add
1
for $10.50

Coles Cheese Slices 84 pack 1kg
Coles Cheese Slices 84 pack
1kg
$12.50
1kg $12.50 per 1Kg
Unit Price
Add
1
for $12.50

Cheer Vintage Cheese Slices 250g
Cheer Vintage Cheese Slices
250g
$8.00
250g $32.00 per 1Kg
Unit Price
Add
1
for $8.00"	['/wcsstore/Coles-CAS/images/6/6/7/6679678-th.jpg', '/wcsstore/Coles-CAS/images/6/6/7/6679678_B-th.jpg']
Babybel	Mini Cheese Regular	$ 8 .40	200g	$42.00 per 1Kg	"Disclaimer:
Product details, including nutritional information and country of origin, may change from time to time and so the product you receive in your order may not reflect the information on this page. Please check the packaging on any product you purchase and if it's not what you expected, feel free to return it for a full refund.
Details
Country of Origin:
Made in France
Dimensions:
100 x 50 x 50mm
Size:
200g
Code: 6165047P
6 1 6 5 0 4 7 P
Customers also purchased
The Laughing Cow Cheese Spread 128g
The Laughing Cow Cheese Spread
128g
$4.70
128g $36.72 per 1Kg
Unit Price
Add
1
for $4.70

Bega Dairy Stringers Original Cheese 12 Pack 240g
Bega Dairy Stringers Original Cheese 12 Pack
240g
$8.00
Was $8.50 Feb 2023
240g $33.33 per 1Kg
Unit Price
Add
1
for $8.00

The Laughing Cow Cheese 256g on special
The Laughing Cow Cheese
256g on special
$6.45
save
$1.65
256g $25.20 per 1Kg
Unit Price
Add
1
for $6.45

Coles Tasty Cheese Bites & Mini Preztels 40g
Coles Tasty Cheese Bites & Mini Preztels
40g
$2.30
40g $5.75 per 100G
Unit Price
Add
1
for $2.30"	[]
Coles Dairy	Vintage Cheese Slices 12 Pack	$ 5 .00	250g	$20.00 per 1Kg	"Nutrition Facts
Serving size: 1 serving = Per slice (21g)
Qty
Quantity
per serving Qty
Quantity
per 100g / 100ml %
Percentage
daily intake*
Energy 363.41 1730.5
Not provided
Energy Cal 86.94 414
Not provided
Protein 5.17 24.6
Not provided
Carbohydrate 0.02 0.1
Not provided
Sugars 0.02 0.1
Not provided
Dietary Fibre Total 0.02 0.1
Not provided
Sodium 141.75 675
Not provided
Calcium 144.27 687
Not provided
*Percentage Daily Intake per serving. Percentage Daily Intakes are based on an average adult diet of 8700 kJ. Your daily intakes may be higher or lower depending on your energy needs.
Disclaimer:
Product details, including nutritional information and country of origin, may change from time to time and so the product you receive in your order may not reflect the information on this page. Please check the packaging on any product you purchase and if it's not what you expected, feel free to return it for a full refund.
Details
Ingredients:
INGREDIENTS: Milk, Salt, Mineral Salt (509), Cultures (Milk), Enzyme (Vegetarian Rennet).
Allergen:
Contains MILK
Servings Per Pack:
12.0
Storage Instructions:
Keep refrigerated. Store at or below 5C. Once opened, consume within 7 days.
Code: 5726058P
5 7 2 6 0 5 8 P
Customers also purchased
Coles Dairy Colby Cheese Slices 12 Pack 250g
Coles Dairy Colby Cheese Slices 12 Pack
250g
$5.00
250g $20.00 per 1Kg
Unit Price
Add
1
for $5.00

Coles Edam Cheese Slices 200g
Coles Edam Cheese Slices
200g
$5.00
200g $25.00 per 1Kg
Unit Price
Add
1
for $5.00

Coles Monterey Jack Cheese Slices 200g
Coles Monterey Jack Cheese Slices
200g
$5.00
200g $25.00 per 1Kg
Unit Price
Add
1
for $5.00

The Organic Milk Co Organic Cheddar Slices 250g
The Organic Milk Co Organic Cheddar Slices
250g
$6.00
Was $7.00 Nov 2022
250g $24.00 per 1Kg
Unit Price
Add
1
for $6.00"	['/wcsstore/Coles-CAS/images/5/7/2/5726058-th.jpg', '/wcsstore/Coles-CAS/images/5/7/2/5726058_L-th.jpg', '/wcsstore/Coles-CAS/images/5/7/2/5726058_B-th.jpg']
Coles Finest	By Laurent White Sourdough Rolls	$ 3 .50	3 pack	$1.17 per 1Ea	"Nutrition Facts
Serving size: 1 serving = Approximately 120g
Qty
Quantity
per serving Qty
Quantity
per 100g / 100ml %
Percentage
daily intake*
Energy 1240 1030 14
Energy Cal 296 246
Not provided
Protein 10.4 8.7 21
Total Fat LESS THAN 1g LESS THAN 1g 1
Saturated Fat LESS THAN 1g LESS THAN 1g 1
Carbohydrate 58.9 49.1 19
Sugars 2.3 1.9 3
Sodium 492 410 21
*Percentage Daily Intake per serving. Percentage Daily Intakes are based on an average adult diet of 8700 kJ. Your daily intakes may be higher or lower depending on your energy needs.
Disclaimer:
Product details, including nutritional information and country of origin, may change from time to time and so the product you receive in your order may not reflect the information on this page. Please check the packaging on any product you purchase and if it's not what you expected, feel free to return it for a full refund.
Details
Ingredients:
INGREDIENTS: Wheat Flour, Water, Salt, Wheat Malt Flour, Malt [Barley, Malted Barley], Wheat Bran, Yeast, Vitamins [Folic Acid, Thiamin].
Allergen:
Contains Rye, May Contain SESAME, Contains Barley, Contains CEREALS CONTAINING GLUTEN, Contains Wheat
Servings Per Pack:
1.0
Code: 3467323P
3 4 6 7 3 2 3 P
Customers also purchased
Coles Bakery Stone Baked Pane Di Casa Rolls 4 pack everyday product
Coles Bakery Stone Baked Pane Di Casa Rolls
4 pack everyday product
$3.50
4 pack $0.88 per 1Ea
Unit Price
Add
1
for $3.50

Coles Finest By Laurent Toasted Sesame Pane Di Casa Roll 3 pack on special
Coles Finest By Laurent Toasted Sesame Pane Di Casa Roll
3 pack on special
$3.50
save
$0.50
3 pack $1.17 per 1Ea
Unit Price
Add
1
for $3.50

Coles Finest By Laurent Rye Sourdough Rolls 3 pack on special
Coles Finest By Laurent Rye Sourdough Rolls
3 pack on special
$3.50
save
$0.50
3 pack $1.17 per 1Ea
Unit Price
Add
1
for $3.50

Coles Stone Baked By Laurent Turkish Rolls 3 pack everyday product
Coles Stone Baked By Laurent Turkish Rolls
3 pack everyday product
$3.50
3 pack $1.17 per 1Ea
Unit Price
Add
1
for $3.50"	['/wcsstore/Coles-CAS/images/3/4/6/3467323-th.jpg', '/wcsstore/Coles-CAS/images/3/4/6/3467323_L-th.jpg', '/wcsstore/Coles-CAS/images/3/4/6/3467323_R-th.jpg', '/wcsstore/Coles-CAS/images/3/4/6/3467323_B-th.jpg']
Cheer	Tasty Cheese Block	$ 14 .95	1kg	$14.95 per 1Kg	"Nutrition Facts
Serving size: 1 serving = 25g
Qty
Quantity
per serving Qty
Quantity
per 100g / 100ml %
Percentage
daily intake*
Energy 423kJ 1690kJ 0%
Protein 6.5g 25.8g 0%
Total Fat 8.3g 33.3g 0%
Saturated Fat 5.4g 21.6g 0%
Carbohydrate
Less than
< 1g
Less than
< 1g 0%
Sugars
Less than
< 1g
Less than
< 1g 0%
Sodium 180mg 720mg 0%
Calcium 188mg 750mg 24%
*Percentage Daily Intake per serving. Percentage Daily Intakes are based on an average adult diet of 8700 kJ. Your daily intakes may be higher or lower depending on your energy needs.
Disclaimer:
Product details, including nutritional information and country of origin, may change from time to time and so the product you receive in your order may not reflect the information on this page. Please check the packaging on any product you purchase and if it's not what you expected, feel free to return it for a full refund.
Details
Ingredients:
Pasteurized Milk, Salt, Starter Cultures, Non animal rennet
Allergen:
Contains Milk
Servings Per Pack:
40.0
Storage Instructions:
Keep refrigerated at below 5C. Once opened best consumed within 14 days
Dimensions:
180 x 95 x 60mm
Size:
1kg
Code: 192411P
1 9 2 4 1 1 P
Customers also purchased
Cheer Tasty Light Cheese Block 500g
Cheer Tasty Light Cheese Block
500g
$10.90
500g $21.80 per 1Kg
Unit Price
Add
1
for $10.90

Norco Natural Cheese Block 500g
Norco Natural Cheese Block
500g
$12.00
500g $24.00 per 1Kg
Unit Price
Add
1
for $12.00

Mainland Extra Tasty Cheddar Cheese Block 500g on special
Mainland Extra Tasty Cheddar Cheese Block
500g on special
$9.50
save
$0.50
500g $1.90 per 100G
Unit Price
Add
1
for $9.50

Cheer Mozzarella Cheese Block 500g
Cheer Mozzarella Cheese Block
500g
$10.90
500g $21.80 per 1Kg
Unit Price
Add
1
for $10.90"	['/wcsstore/Coles-CAS/images/1/9/2/192411-th.jpg', '/wcsstore/Coles-CAS/images/1/9/2/192411_L-th.jpg', '/wcsstore/Coles-CAS/images/1/9/2/192411_B-th.jpg']
Bega	Light & Tasty Natural Cheese Slices 12x250g	$ 7 .00	250g	$28.00 per 1Kg	"Nutrition Facts
Serving size: 1 serving = 17g
Qty
Quantity
per serving Qty
Quantity
per 100g / 100ml %
Percentage
daily intake*
Energy 243kJ 1430kJ 3%
Protein 5.1g 30.3 11%
Total Fat 4.2g 24.6g 6%
Saturated Fat 2.5g 14.8g 11%
Carbohydrate Less than 1g Less than 1g 0%
Sugars Less than 1g Less than 1g 0%
Sodium 116mg 870mg 4%
Calcium
Not provided
870mg
Not provided
*Percentage Daily Intake per serving. Percentage Daily Intakes are based on an average adult diet of 8700 kJ. Your daily intakes may be higher or lower depending on your energy needs.
Disclaimer:
Product details, including nutritional information and country of origin, may change from time to time and so the product you receive in your order may not reflect the information on this page. Please check the packaging on any product you purchase and if it's not what you expected, feel free to return it for a full refund.
Details
Ingredients:
Milk, Salt, Cultures, Enzyme (Non-Animal Rennet).
Contains:
Milk.
Allergen:
Contains Milk
Dietary:
Source of Calcium
Servings Per Pack:
15.0
Storage Instructions:
Keep refrigerated at or below 4C.
Size:
15 Pack
Code: 9400960P
9 4 0 0 9 6 0 P
Customers also purchased
Jarlsberg Dairy Swiss Lite Cheese Slices 150g on special
Jarlsberg Dairy Swiss Lite Cheese Slices
150g on special
$6.00
save
$2.05
150g $40.00 per 1Kg
Unit Price
Add
1
for $6.00

Cracker Barrel Extra Sharp Cheese Slices 250g
Cracker Barrel Extra Sharp Cheese Slices
250g
$9.20
250g $36.80 per 1Kg
Unit Price
Add
1
for $9.20

Bega Strong & Bitey Vintage Cheese Slices 15x250g 250g
Bega Strong & Bitey Vintage Cheese Slices 15x250g
250g
$7.00
250g $28.00 per 1Kg
Unit Price
Add
1
for $7.00

Bega Natural 25% Red Fat Tasty Slices 30 pack 500g
Bega Natural 25% Red Fat Tasty Slices 30 pack
500g
$10.50
Was $11.50 Jan 2023
500g $21.00 per 1Kg
Unit Price
Add
1
for $10.50"	['/wcsstore/Coles-CAS/images/9/4/0/9400960-th.jpg', '/wcsstore/Coles-CAS/images/9/4/0/9400960_L-th.jpg', '/wcsstore/Coles-CAS/images/9/4/0/9400960_R-th.jpg', '/wcsstore/Coles-CAS/images/9/4/0/9400960_B-th.jpg']
Liddells	Lactose Free Shredded Cheese	$ 8 .30	250g	$33.20 per 1Kg	"Nutrition Facts
Serving size: 1 serving = 25g
Qty
Quantity
per serving Qty
Quantity
per 100g / 100ml %
Percentage
daily intake*
Energy 418kJ 1670kJ 0%
Protein 6g 24.1g 0%
Total Fat 8.4g 33.5g 0%
Saturated Fat 5.8g 23.2g 0%
Carbohydrate
Less than
< 1g
Less than
< 1g 0%
Sugars
Less than
< 1g
Less than
< 1g 0%
Sodium 153mg 610mg 0%
Calcium 178mg 710mg 22%
*Percentage Daily Intake per serving. Percentage Daily Intakes are based on an average adult diet of 8700 kJ. Your daily intakes may be higher or lower depending on your energy needs.
Disclaimer:
Product details, including nutritional information and country of origin, may change from time to time and so the product you receive in your order may not reflect the information on this page. Please check the packaging on any product you purchase and if it's not what you expected, feel free to return it for a full refund.
Details
Ingredients:
Ingredients- Cheese (Pasteurised Milk, Salt, Started Cultures, Enzyme (Non Animal Rennet)), Anti-Caking Agent (460), Preservative (200)
Allergen:
Contains Milk
Servings Per Pack:
10.0
Storage Instructions:
Storage: Keep refrigerated at or below 5C. Once opened best consumed within 14 days
Dimensions:
235 x 152 x 25mm
Size:
250g
Code: 1418305P
1 4 1 8 3 0 5 P
Customers also purchased
Liddells Lactose Free Cheese Block 250g
Liddells Lactose Free Cheese Block
250g
$8.30
250g $33.20 per 1Kg
Unit Price
Add
1
for $8.30

Liddells Cream Cheese 250g
Liddells Cream Cheese
250g
$6.30
250g $25.20 per 1Kg
Unit Price
Add
1
for $6.30

Liddells Colby Cheese Slices 250g
Liddells Colby Cheese Slices
250g
$8.30
250g $33.20 per 1Kg
Unit Price
Add
1
for $8.30

Liddells Tasty Cheese Slices 250g
Liddells Tasty Cheese Slices
250g
$8.30
250g $33.20 per 1Kg
Unit Price
Add
1
for $8.30"	['/wcsstore/Coles-CAS/images/1/4/1/1418305-th.jpg', '/wcsstore/Coles-CAS/images/1/4/1/1418305_B-th.jpg']
Primo	Stacker Mild Salami Cheese & Crackers	$ 4 .25	50g	$8.50 per 100G	"Nutrition Facts
Serving size: 1 serving = 50g
Qty
Quantity
per serving Qty
Quantity
per 100g / 100ml %
Percentage
daily intake*
Energy 818kJ 1640kJ 9%
Protein 10.1g 20.3g 20%
Total Fat 13.5g 27g 19%
Saturated Fat 6.8g 13.6g 28%
Carbohydrate 8.2g 16.3g 3%
Sugars Less than 1g 1.10%
Less than
< 1%
Sodium 535mg 1070mg 23%
*Percentage Daily Intake per serving. Percentage Daily Intakes are based on an average adult diet of 8700 kJ. Your daily intakes may be higher or lower depending on your energy needs.
Disclaimer:
Product details, including nutritional information and country of origin, may change from time to time and so the product you receive in your order may not reflect the information on this page. Please check the packaging on any product you purchase and if it's not what you expected, feel free to return it for a full refund.
Details
Ingredients:
Salami [Meat Including Pork, Salt, Spices (Including Chilli), Lactose (Milk), Maltodextrin (Maize), Dextrose (Maize), Mineral Salts (450, 451), Antioxidant (316), Dried Vegetables (Including Garlic), Sugar, Preservative (250), Starter Culture, Wood Smoke], Cheese [Pasteurised Milk, Salt, Starter Cultures, Enzyme (Non-Animal Rennet)], Water Crackers [Wheat Flour, Vegetable Fats & Oils (Antioxidant (307b)), Salt, Raising Agent (500)].
Contains:
Milk & Gluten.
Allergen:
May Be Present Sesame, May Be Present Soy, May Be Present Tree Nuts, May Be Present Peanuts, Contains Gluten, Contains Milk, May Be Present Lupin, May Be Present Egg
Servings Per Pack:
1.0
Storage Instructions:
Store at or below 4C.
Usage Instructions:
Consume immediately after opening.
Size:
50g
Code: 3755430P
3 7 5 5 4 3 0 P
Customers also purchased
Primo Stacker Chicken Cheese & Rice Crackers 45g
Primo Stacker Chicken Cheese & Rice Crackers
45g
$4.25
45g $9.44 per 100G
Unit Price
Add
1
for $4.25

Primo Stacker Leg Ham Cheese & Crackers 50g
Primo Stacker Leg Ham Cheese & Crackers
50g
$4.25
50g $8.50 per 100G
Unit Price
Add
1
for $4.25

Primo Stackers Spicy Chorizo Cheese & Crackers 50g
Primo Stackers Spicy Chorizo Cheese & Crackers
50g
$4.25
50g
Add
1
for $4.25

Primo Stacker Danish Salami Cheese & Crackers 45g
Primo Stacker Danish Salami Cheese & Crackers
45g
$4.25
45g $9.44 per 100G
Unit Price
Add
1
for $4.25"	['/wcsstore/Coles-CAS/images/3/7/5/3755430-th.jpg', '/wcsstore/Coles-CAS/images/3/7/5/3755430_L-th.jpg', '/wcsstore/Coles-CAS/images/3/7/5/3755430_R-th.jpg', '/wcsstore/Coles-CAS/images/3/7/5/3755430_B-th.jpg']
Cheer	Dairy Tasty Light Cheese Slices	$ 11 .70	500g	$23.40 per 1Kg	"Nutrition Facts
Serving size: 1 serving = 21g
Qty
Quantity
per serving Qty
Quantity
per 100g / 100ml %
Percentage
daily intake*
Energy 294kJ 1400kJ 0%
Protein 6.3g 30g 0%
Total Fat 5g 23.6g 0%
Saturated Fat 3.2g 15.3g 0%
Carbohydrate
Less than
< 1g
Less than
< 1g 0%
Sugars
Less than
< 1g
Less than
< 1g 0%
Sodium 147mg 700mg 0%
Calcium 181mg 860mg 23%
*Percentage Daily Intake per serving. Percentage Daily Intakes are based on an average adult diet of 8700 kJ. Your daily intakes may be higher or lower depending on your energy needs.
Disclaimer:
Product details, including nutritional information and country of origin, may change from time to time and so the product you receive in your order may not reflect the information on this page. Please check the packaging on any product you purchase and if it's not what you expected, feel free to return it for a full refund.
Details
Ingredients:
Pasteurized Milk, Salt, Starter Cultures, Non animal rennet
Allergen:
Contains Milk
Servings Per Pack:
24.0
Storage Instructions:
Keep refrigerated at below 5C. Once opened best consumed within 14 days
Dimensions:
76 x 119 x 124mm
Size:
500g
Code: 5292118P
5 2 9 2 1 1 8 P"	['/wcsstore/Coles-CAS/images/5/2/9/5292118-th.jpg', '/wcsstore/Coles-CAS/images/5/2/9/5292118_L-th.jpg', '/wcsstore/Coles-CAS/images/5/2/9/5292118_B-th.jpg']
The Laughing Cow	Light Less Fat Cheese Spread	$ 4 .70	128g	$3.67 per 100G	"Disclaimer:
Product details, including nutritional information and country of origin, may change from time to time and so the product you receive in your order may not reflect the information on this page. Please check the packaging on any product you purchase and if it's not what you expected, feel free to return it for a full refund.
Details
Dimensions:
21 x 112 x 112mm
Size:
128g
Code: 7646266P
7 6 4 6 2 6 6 P
Customers also purchased
Bel Dairy Cheese Dippers 4 Pack 140g on special
Bel Dairy Cheese Dippers 4 Pack
140g on special
$4.00
save
$1.50
140g $2.86 per 100G
Unit Price
Add
1
for $4.00

The Laughing Cow Cheese Spread 128g
The Laughing Cow Cheese Spread
128g
$4.70
128g $36.72 per 1Kg
Unit Price
Add
1
for $4.70

Primo Stacker Danish Salami Cheese & Crackers 45g
Primo Stacker Danish Salami Cheese & Crackers
45g
$4.25
45g $9.44 per 100G
Unit Price
Add
1
for $4.25

Babybel Mini Cheese Original Protein 5 Pack 100g on special
Babybel Mini Cheese Original Protein 5 Pack
100g on special
$4.00
save
$1.90
100g $40.00 per 1Kg
Unit Price
Add
1
for $4.00"	['/wcsstore/Coles-CAS/images/7/6/4/7646266-th.jpg', '/wcsstore/Coles-CAS/images/7/6/4/7646266_B-th.jpg']
Devondale	Tasty Shredded Cheese	$ 13 .50	750g	$18.00 per 1Kg	"Nutrition Facts
Serving size: 1 serving = 25g
Qty
Quantity
per serving Qty
Quantity
per 100g / 100ml %
Percentage
daily intake*
Energy 433kJ 1730kJ 0%
Protein 6.1g 24.3g 0%
Total Fat 8.8g 35.2g 0%
Saturated Fat 6g 23.9g 0%
Carbohydrate
Less than
< 1g
Less than
< 1g 0%
Sugars
Less than
< 1g
Less than
< 1g 0%
Sodium 159mg 635mg 0%
Calcium 184mg 735mg 23%
*Percentage Daily Intake per serving. Percentage Daily Intakes are based on an average adult diet of 8700 kJ. Your daily intakes may be higher or lower depending on your energy needs.
Disclaimer:
Product details, including nutritional information and country of origin, may change from time to time and so the product you receive in your order may not reflect the information on this page. Please check the packaging on any product you purchase and if it's not what you expected, feel free to return it for a full refund.
Details
Ingredients:
Cheese (Pasteurised Milk, Salt, Starter Cultures, Enzyme (Non-Animal Rennet)), Anti-caking agent (460), Preservative (200).
Allergen:
Contains Milk
Servings Per Pack:
30.0
Storage Instructions:
Keep Refrigerated at or below 5c.
Dimensions:
300 x 190 x 55mm
Size:
750g
Code: 2782926P
2 7 8 2 9 2 6 P
Customers also purchased
Perfect Italiano Dairy Cheese Grated Mozzarella:Mozzarella 450g on special
Perfect Italiano Dairy Cheese Grated Mozzarella:Mozzarella
450g on special
$7.00
save
$2.00
450g $15.56 per 1Kg
Unit Price
Add
1
for $7.00

Coles Pizza Blend Shredded Cheese 700g
Coles Pizza Blend Shredded Cheese
700g
$8.50
700g $12.14 per 1Kg
Unit Price
Add
1
for $8.50

Devondale 3 Shredded Cheese Blend 750g
Devondale 3 Shredded Cheese Blend
750g
$13.50
Was $15.00 Nov 2022
750g $18.00 per 1Kg
Unit Price
Add
1
for $13.50

Mil Lel Extra Sharp Parmesan 170g
Mil Lel Extra Sharp Parmesan
170g
$6.90
170g $40.59 per 1Kg
Unit Price
Add
1
for $6.90"	['/wcsstore/Coles-CAS/images/2/7/8/2782926-th.jpg', '/wcsstore/Coles-CAS/images/2/7/8/2782926_B-th.jpg']
Devondale	3 Shredded Cheese Blend	$ 13 .50	750g	$18.00 per 1Kg	"Nutrition Facts
Serving size: 1 serving = 25g
Qty
Quantity
per serving Qty
Quantity
per 100g / 100ml %
Percentage
daily intake*
Energy 375kJ 1500kJ 0%
Protein 6.3g 25.3g 0%
Total Fat 7.1g 28.2g 0%
Saturated Fat 5g 19.8g 0%
Carbohydrate
Less than
< 1g
Less than
< 1g 0%
Sugars
Less than
< 1g
Less than
< 1g 0%
Sodium 160mg 638mg 0%
Calcium 203mg 812mg 25%
*Percentage Daily Intake per serving. Percentage Daily Intakes are based on an average adult diet of 8700 kJ. Your daily intakes may be higher or lower depending on your energy needs.
Disclaimer:
Product details, including nutritional information and country of origin, may change from time to time and so the product you receive in your order may not reflect the information on this page. Please check the packaging on any product you purchase and if it's not what you expected, feel free to return it for a full refund.
Details
Ingredients:
Mozzarella cheese (40%) (pasteurised milk, salt, starter culture, enzyme (non-animal rennet)), colby cheese (40%) (pasteurised milk, salt, starter culture, enzyme (non-animal rennet)), Parmesan cheese (20%) (pasteurised milk, salt, starter culture, enzyme), anti-caking agent (460), preservative (200).
Allergen:
Contains Milk
Servings Per Pack:
30.0
Storage Instructions:
Keep Refrigerated at or below 5c.
Dimensions:
300 x 190 x 55mm
Size:
750g
Code: 2782959P
2 7 8 2 9 5 9 P
Customers also purchased
Perfect Italiano Dairy Cheese Grated Mozzarella:Mozzarella 450g on special
Perfect Italiano Dairy Cheese Grated Mozzarella:Mozzarella
450g on special
$7.00
save
$2.00
450g $15.56 per 1Kg
Unit Price
Add
1
for $7.00

Devondale Tasty Shredded Cheese 750g
Devondale Tasty Shredded Cheese
750g
$13.50
Was $15.00 Nov 2022
750g $18.00 per 1Kg
Unit Price
Add
1
for $13.50

Perfect Italiano Grated Cheese Perfect Bakes 250g
Perfect Italiano Grated Cheese Perfect Bakes
250g
$5.70
Was $6.00 Jan 2023
250g $22.80 per 1Kg
Unit Price
Add
1
for $5.70

Mil Lel Extra Sharp Parmesan 170g
Mil Lel Extra Sharp Parmesan
170g
$6.90
170g $40.59 per 1Kg
Unit Price
Add
1
for $6.90"	['/wcsstore/Coles-CAS/images/2/7/8/2782959-th.jpg', '/wcsstore/Coles-CAS/images/2/7/8/2782959_B-th.jpg']
Bega	Easy Melt Colby Block	$ 9 .50	500g	$19.00 per 1Kg	"Nutrition Facts
Serving size: 1 serving = 25g
Qty
Quantity
per serving Qty
Quantity
per 100g / 100ml %
Percentage
daily intake*
Energy 420kJ 1680kJ 5%
Protein 5.8g 23.3g 12%
Total Fat 8.6g 34.5g 12%
Saturated Fat 5.2g 20.8g 22%
Carbohydrate LESS THAN 1g LESS THAN 1g 0%
Sugars LESS THAN 1g LESS THAN 1g 0%
Sodium 173mg 692mg 8%
Calcium 180mg (23% RDI*) 720mg
Not provided
*Percentage Daily Intake per serving. Percentage Daily Intakes are based on an average adult diet of 8700 kJ. Your daily intakes may be higher or lower depending on your energy needs.
Disclaimer:
Product details, including nutritional information and country of origin, may change from time to time and so the product you receive in your order may not reflect the information on this page. Please check the packaging on any product you purchase and if it's not what you expected, feel free to return it for a full refund.
Details
Ingredients:
Milk, Salt, Cultures, Enzyme (Non-Animal Rennet).
Contains:
Milk.
Allergen:
Contains Milk
Dietary:
Source of Calcium
Servings Per Pack:
20.0
Storage Instructions:
Keep refrigerated at or below 4C.
Suitable for:
Vegetarian.
Size:
500g
Code: 1446242P
1 4 4 6 2 4 2 P
Customers also purchased
Great Ocean Road Colby Cheese Block 500g
Great Ocean Road Colby Cheese Block
500g
$10.30
Was $11.40 Nov 2022
500g $20.60 per 1Kg
Unit Price
Add
1
for $10.30

Great Ocean Road Vintage Cheese Block 500g
Great Ocean Road Vintage Cheese Block
500g
$10.30
Was $11.40 Nov 2022
500g $20.60 per 1Kg
Unit Price
Add
1
for $10.30

Norco Natural Cheese Block 500g
Norco Natural Cheese Block
500g
$12.00
500g $24.00 per 1Kg
Unit Price
Add
1
for $12.00"	['/wcsstore/Coles-CAS/images/1/4/4/1446242-th.jpg', '/wcsstore/Coles-CAS/images/1/4/4/1446242_L-th.jpg', '/wcsstore/Coles-CAS/images/1/4/4/1446242_R-th.jpg', '/wcsstore/Coles-CAS/images/1/4/4/1446242_B-th.jpg']
Coles	TASTY CHEESE BITES & SOY CRISPS	$ 2 .30	45g	$5.11 per 100G	"Nutrition Facts
Serving size: 1 serving = 45
Qty
Quantity
per serving Qty
Quantity
per 100g / 100ml %
Percentage
daily intake*
Energy 839.88 1866.40
Not provided
Energy Cal 200.93 446.51
Not provided
Protein 7.38 16.40
Not provided
Total Fat 13.91 30.90
Not provided
Saturated Fat 6.12 13.60
Not provided
Trans 0.45 1.00
Not provided
Carbohydrate 10.94 24.30
Not provided
Sugars 1.58 3.50
Not provided
Dietary Fibre Total 1.76 3.90
Not provided
Sodium 279.00 620.00
Not provided
Calcium 148.50 330.00
Not provided
*Percentage Daily Intake per serving. Percentage Daily Intakes are based on an average adult diet of 8700 kJ. Your daily intakes may be higher or lower depending on your energy needs.
Disclaimer:
Product details, including nutritional information and country of origin, may change from time to time and so the product you receive in your order may not reflect the information on this page. Please check the packaging on any product you purchase and if it's not what you expected, feel free to return it for a full refund.
Details
Ingredients:
INGREDIENTS: Cheddar Cheese (56%) [Milk, Salt, Starter Culture, Vegetarian Rennet, Anti Caking Agent (460), Preservative (200)], Soy Crisps (44%) [Wheat Starch, Sunflower Oil, Soybeans, Sugar, Sea Salt, Onion Powder, Barley Malt Extract, Soy Sauce Powder, Garlic Powder, Chive Flakes].
Allergen:
May Contain EGG, Contains SOY, May Contain SESAME, Contains MILK, Contains Barley, Contains CEREALS CONTAINING GLUTEN, May Contain PEANUTS, Contains Wheat, May Contain TREE NUTS
Servings Per Pack:
1.0
Storage Instructions:
Keep refrigerated. Store at or below 5C
Code: 3561988P
3 5 6 1 9 8 8 P
Customers also purchased
Coles Tasty Cheese & Crackers 50g
Coles Tasty Cheese & Crackers
50g
$1.90
50g $3.80 per 100G
Unit Price
Add
1
for $1.90

Mainland On The Go Extra Tasty Cheese & Date Apricot Crackers 38g on special
Mainland On The Go Extra Tasty Cheese & Date Apricot Crackers
38g on special
buy any 2 for $5.00
Any 2
$ 5
regular price
$3.00 ea
each
38g $7.89 per 100G
Unit Price
Pick any 2 for $5.00 ...

Coles Tasty Cheese Bites And Garlic Chilli Green Olives 45g
Coles Tasty Cheese Bites And Garlic Chilli Green Olives
45g
$2.30
45g $5.11 per 100G
Unit Price
Add
1
for $2.30

Coles Tasty Cheese Bites & Mini Preztels 40g
Coles Tasty Cheese Bites & Mini Preztels
40g
$2.30
40g $5.75 per 100G
Unit Price
Add
1
for $2.30"	['/wcsstore/Coles-CAS/images/3/5/6/3561988-th.jpg', '/wcsstore/Coles-CAS/images/3/5/6/3561988_L-th.jpg', '/wcsstore/Coles-CAS/images/3/5/6/3561988_R-th.jpg', '/wcsstore/Coles-CAS/images/3/5/6/3561988_B-th.jpg']
Mainland	On The Go Tasty Cheese & Crackers 4 Pack	$ 6 .00	120g	$5.00 per 100G	"Nutrition Facts
Serving size: 1 serving = 30g
Qty
Quantity
per serving Qty
Quantity
per 100g / 100ml %
Percentage
daily intake*
Energy 531kJ 1770kJ 6 %
Protein 5.9g 19.8g 12 %
Total Fat 8.3g 27.8g 11.7g
Saturated Fat 4.9g 16.2g 20 %
Carbohydrate 6.5g 21.8g 2 %
Sugars LESS THAN 1g LESS THAN 1g 0
Sodium 203mg 675mg 9 %
Calcium 153mg 511mg 19% RDI*
*Percentage Daily Intake per serving. Percentage Daily Intakes are based on an average adult diet of 8700 kJ. Your daily intakes may be higher or lower depending on your energy needs.
Disclaimer:
Product details, including nutritional information and country of origin, may change from time to time and so the product you receive in your order may not reflect the information on this page. Please check the packaging on any product you purchase and if it's not what you expected, feel free to return it for a full refund.
Details
Ingredients:
Tasty Cheddar Cheese 69% [*Milk*, Salt, Cultures, Enzyme (Rennet)]. Water Crackers 31% {Biscuit Flour [*Wheat* Flour, Minerals (Iron, Zinc), Vitamins (Niacin, Thiamin, Riboflavin, Folate)], Vegetable Fats & Oil [Contains Antioxidants (307b, 307, 322 From *Soy*)], Iodised Salt, Raising Agent (500)}.
Contains:
Contains: *Milk*, *Wheat* and *Soy*.
Allergen:
Contains Soy, Contains Wheat, Contains Milk
Servings Per Pack:
4.0
Storage Instructions:
Keep refrigerated at or below 4C
Size:
120 g
Code: 5415670P
5 4 1 5 6 7 0 P
Customers also purchased
Mainland Munchables Tasty Cheese & Crackers 4 pack 120g
Mainland Munchables Tasty Cheese & Crackers 4 pack
120g
$6.00
Was $7.00 Feb 2023
120g $5.00 per 100G
Unit Price
Add
1
for $6.00

Mainland Munchables Cheese & Rice Crackers 4 Pack 96g
Mainland Munchables Cheese & Rice Crackers 4 Pack
96g
$6.00
Was $7.00 Feb 2023
96g $6.25 per 100G
Unit Price
Add
1
for $6.00

Mainland Tasty Cheddar & Rosemary & Rock Salt Lavosh Crackers 37g on special
Mainland Tasty Cheddar & Rosemary & Rock Salt Lavosh Crackers
37g on special
buy any 2 for $5.00
Any 2
$ 5
regular price
$3.00 ea
each
37g $8.11 per 100G
Unit Price
Pick any 2 for $5.00 ...

Mainland Tasty Cheddar & Supergrains Lavosh Crackers 36g on special
Mainland Tasty Cheddar & Supergrains Lavosh Crackers
36g on special
buy any 2 for $5.00
Any 2
$ 5
regular price
$3.00 ea
each
36g $8.33 per 100G
Unit Price
Pick any 2 for $5.00 ..."	[]
Coles	Tasty Cheese & Crackers	$ 1 .90	50g	$3.80 per 100G	"Nutrition Facts
Serving size: 1 serving = 50
Qty
Quantity
per serving Qty
Quantity
per 100g / 100ml %
Percentage
daily intake*
Energy 814 1630 9
Energy Cal 195 390
Not provided
Protein 10.7 21.3 21
Total Fat 11.9 23.8 17
Saturated Fat 8.1 16.2 34
Trans LESS THAN 1g LESS THAN 1g
Not provided
Carbohydrate 10.5 21.0 3
Sugars 0.45 0.90
Not provided
Dietary Fibre Total 1.80 3.60
Not provided
Sodium 320 640 14
Calcium 270 540
Not provided
*Percentage Daily Intake per serving. Percentage Daily Intakes are based on an average adult diet of 8700 kJ. Your daily intakes may be higher or lower depending on your energy needs.
Disclaimer:
Product details, including nutritional information and country of origin, may change from time to time and so the product you receive in your order may not reflect the information on this page. Please check the packaging on any product you purchase and if it's not what you expected, feel free to return it for a full refund.
Details
Ingredients:
INGREDIENTS: Cheese (67%) [Milk, Salt, Starter Culture, Enzyme (Vegetarian Rennet)], Crackers (33%) [Wheat Flour, Vegetable Fats and Oils (contains Palm Oil**, Antioxidant (307b)), Salt, Raising Agent (500)].
Allergen:
May Be Present SOY, May Be Present EGG, May Be Present TREE NUTS, Contains MILK, Contains CEREALS CONTAINING GLUTEN, May Be Present PEANUTS, May Be Present SESAME, Contains Wheat
Servings Per Pack:
1.0
Storage Instructions:
Keep refrigerated. Store at or below 5C
Code: 2073060P
2 0 7 3 0 6 0 P
Customers also purchased
Coles Light Cheese & Crackers 50g
Coles Light Cheese & Crackers
50g
$1.90
50g $3.80 per 100G
Unit Price
Add
1
for $1.90

Coles Vintage Cheese & Crackers 50g
Coles Vintage Cheese & Crackers
50g
$1.90
50g $3.80 per 10Kg
Unit Price
Add
1
for $1.90

Coles TASTY CHEESE BITES & SOY CRISPS 45g
Coles TASTY CHEESE BITES & SOY CRISPS
45g
$2.30
45g $5.11 per 100G
Unit Price
Add
1
for $2.30

Coles Tasty Cheese Bites And Garlic Chilli Green Olives 45g
Coles Tasty Cheese Bites And Garlic Chilli Green Olives
45g
$2.30
45g $5.11 per 100G
Unit Price
Add
1
for $2.30"	[]
Cheer	Tasty Cheese Block	$ 10 .90	500g	$21.80 per 1Kg	"Nutrition Facts
Serving size: 1 serving = 25g
Qty
Quantity
per serving Qty
Quantity
per 100g / 100ml %
Percentage
daily intake*
Energy 368kJ 1690kJ 0%
Protein 5.4g 25.8g 0%
Total Fat 7.1g 33.3g 0%
Saturated Fat 4.9g 21.6g 0%
Carbohydrate
Less than
< 1g
Less than
< 1g 0%
Sugars
Less than
< 1g
Less than
< 1g 0%
Sodium 151mg 720mg 0%
Calcium 158mg 750mg 20%
*Percentage Daily Intake per serving. Percentage Daily Intakes are based on an average adult diet of 8700 kJ. Your daily intakes may be higher or lower depending on your energy needs.
Disclaimer:
Product details, including nutritional information and country of origin, may change from time to time and so the product you receive in your order may not reflect the information on this page. Please check the packaging on any product you purchase and if it's not what you expected, feel free to return it for a full refund.
Details
Ingredients:
Pasteurized Milk, Salt, Starter Cultures, Non animal rennet
Allergen:
Contains Milk
Servings Per Pack:
20.0
Storage Instructions:
Keep refrigerated at below 5C. Once opened best consumed within 14 days
Dimensions:
135 x 43 x 90mm
Size:
500g
Code: 189960P
1 8 9 9 6 0 P
Customers also purchased
Cheer Tasty Light Cheese Block 500g
Cheer Tasty Light Cheese Block
500g
$10.90
500g $21.80 per 1Kg
Unit Price
Add
1
for $10.90

Great Ocean Road Tasty Cheese Block 500g
Great Ocean Road Tasty Cheese Block
500g
$10.30
Was $11.40 Nov 2022
500g $20.60 per 1Kg
Unit Price
Add
1
for $10.30

Mainland Vintage Cheese Block 400g on special
Mainland Vintage Cheese Block
400g on special
$9.50
save
$0.50
400g $23.75 per 1Kg
Unit Price
Add
1
for $9.50

Cheer Mozzarella Cheese Block 500g
Cheer Mozzarella Cheese Block
500g
$10.90
500g $21.80 per 1Kg
Unit Price
Add
1
for $10.90"	['/wcsstore/Coles-CAS/images/1/8/9/189960-th.jpg', '/wcsstore/Coles-CAS/images/1/8/9/189960_L-th.jpg', '/wcsstore/Coles-CAS/images/1/8/9/189960_B-th.jpg']
Thomson'S Deli	English Style Ham Quad Pack	$ 5 .50	400g	$13.75 per 1Kg	"Nutrition Facts
Serving size: 1 serving = 50g
Qty
Quantity
per serving Qty
Quantity
per 100g / 100ml %
Percentage
daily intake*
Energy 187.70 375.40 2
Energy Cal 44.90 89.81 0
Protein 7.80 15.60 16
Total Fat 1.00 2.00 1
Saturated Fat 0.30 0.60 1
Carbohydrate 0.90 1.80 0
Sugars 0.90 1.80 1
Dietary Fibre Total 0.35 0.70 1
Sodium 446.00 892.00 19
Gluten 0.00 0.00 0
*Percentage Daily Intake per serving. Percentage Daily Intakes are based on an average adult diet of 8700 kJ. Your daily intakes may be higher or lower depending on your energy needs.
Disclaimer:
Product details, including nutritional information and country of origin, may change from time to time and so the product you receive in your order may not reflect the information on this page. Please check the packaging on any product you purchase and if it's not what you expected, feel free to return it for a full refund.
Details
Ingredients:
INGREDIENTS: Pork (74%), Water, Cure [Sugar, Mineral Salts (450, 451), Dextrose (Maize or Tapioca), Salt, Antioxidant (316), Preservative (250)], Acidity Regulators (326, 325), Modified Maize Starch (1442), Salt, Vegetable Gum (407), Natural Flavouring.
Servings Per Pack:
8.0
Storage Instructions:
Keep refrigerated. Store at or below 5C
Code: 2260476P
2 2 6 0 4 7 6 P
Customers also purchased
Primo Silverside 80g on special
Primo Silverside
80g on special
buy any 2 for $6.30
Any 2
$ 6 .30
regular price
$3.70 ea
each
80g $46.25 per 1Kg
Unit Price
Pick any 2 for $6.30 ...

Thomson's Deli Sliced Chicken Quad Pack 320g
Thomson's Deli Sliced Chicken Quad Pack
320g
$5.70
320g $17.81 per 1Kg
Unit Price
Add
1
for $5.70"	[]
Don	Virginian Leg Ham Sliced	$ 2 .10	approx. 100g	$21.00 per 1Kg	"Disclaimer:
Product details, including nutritional information and country of origin, may change from time to time and so the product you receive in your order may not reflect the information on this page. Please check the packaging on any product you purchase and if it's not what you expected, feel free to return it for a full refund.
Code: 3052929P
3 0 5 2 9 2 9 P
Customers also purchased
Don Shredded Ham approx. 100g
Don Shredded Ham
approx. 100g
$2.00
approx. 100g $20.00 per 1Kg
Unit Price
Price is an estimate
Add
100g
for $2.00"	[]
Coles Finest	By Laurent Rye Sourdough Rolls	$ 3 .50	3 pack	$1.17 per 1Ea	"Nutrition Facts
Serving size: 1 serving = Approximately 130g
Qty
Quantity
per serving Qty
Quantity
per 100g / 100ml %
Percentage
daily intake*
Energy 1280 988 15
Energy Cal 307 236
Not provided
Protein 10.7 8.2 21
Total Fat 1.3 1 2
Saturated Fat LESS THAN 1g LESS THAN 1g 2
Carbohydrate 59.4 45.7 19
Sugars 2.3 1.8 3
Sodium 494 380 21
*Percentage Daily Intake per serving. Percentage Daily Intakes are based on an average adult diet of 8700 kJ. Your daily intakes may be higher or lower depending on your energy needs.
Disclaimer:
Product details, including nutritional information and country of origin, may change from time to time and so the product you receive in your order may not reflect the information on this page. Please check the packaging on any product you purchase and if it's not what you expected, feel free to return it for a full refund.
Details
Ingredients:
INGREDIENTS: Water, Wheat Flour, Rye Flour, Wheat Malt Flour, Yeast, Vitamins [Folic Acid, Thiamin].
Allergen:
Contains Rye, Contains Barley, Contains CEREALS CONTAINING GLUTEN, Contains Wheat
Servings Per Pack:
1.0
Code: 3467345P
3 4 6 7 3 4 5 P
Customers also purchased
Coles Roasted Pumpkin Seed & Purple Wheat Panini 3 pack everyday product
Coles Roasted Pumpkin Seed & Purple Wheat Panini
3 pack everyday product
$3.50
3 pack $1.17 per 1Ea
Unit Price
Add
1
for $3.50

Coles Finest By Laurent Toasted Sesame Pane Di Casa Roll 3 pack on special
Coles Finest By Laurent Toasted Sesame Pane Di Casa Roll
3 pack on special
$3.50
save
$0.50
3 pack $1.17 per 1Ea
Unit Price
Add
1
for $3.50

Coles Finest By Laurent White Sourdough Rolls 3 pack on special
Coles Finest By Laurent White Sourdough Rolls
3 pack on special
$3.50
save
$0.50
3 pack $1.17 per 1Ea
Unit Price
Add
1
for $3.50

Coles Light Rye Sourdough Rolls 4 pack everyday product
Coles Light Rye Sourdough Rolls
4 pack everyday product
$3.50
4 pack $0.88 per 1Ea
Unit Price
Add
1
for $3.50"	['/wcsstore/Coles-CAS/images/3/4/6/3467345-th.jpg', '/wcsstore/Coles-CAS/images/3/4/6/3467345_L-th.jpg', '/wcsstore/Coles-CAS/images/3/4/6/3467345_R-th.jpg', '/wcsstore/Coles-CAS/images/3/4/6/3467345_B-th.jpg']
Primo	Champagne Leg Ham	$ 2 .20	approx. 100g	$22.00 per 1Kg	"Nutrition Facts
Serving size: 1 serving = 50 g
Qty
Quantity
per serving Qty
Quantity
per 100g / 100ml %
Percentage
daily intake*
Energy 205 kJ 409 kJ 2%
Energy Cal 7.7 g 15.4 g 15%
Total Fat 1.5 g 2.9 g 2%
Saturated Fat Less than 1 g Less than 1 g
Less than
< 1%
Carbohydrate 1.3 g 2.5 g
Less than
< 1%
Sugars Less than 1 g 1.8 g
Less than
< 1%
Sodium 451 mg 901 mg 20%
*Percentage Daily Intake per serving. Percentage Daily Intakes are based on an average adult diet of 8700 kJ. Your daily intakes may be higher or lower depending on your energy needs.
Disclaimer:
Product details, including nutritional information and country of origin, may change from time to time and so the product you receive in your order may not reflect the information on this page. Please check the packaging on any product you purchase and if it's not what you expected, feel free to return it for a full refund.
Details
Ingredients:
Pork, Water, Cure [Salt, Sugar, Mineral Salts (451, 450), Dextrose (Maize or Tapioca), Antioxidant (316), Pork Collagen Protein, Preservative (250)], Acidity Regulators (326, 262), Modified Starch (1442 Maize or Tapioca), Spice Extract, Garlic Extract, Wood Smoke.
Allergen:
May Be Present Soy
Dietary:
No Artificial Flavours or Colours
Servings Per Pack:
20.0
Code: 4222321P
4 2 2 2 3 2 1 P
Customers also purchased
Don Virginian Leg Ham Sliced approx. 100g on special
Don Virginian Leg Ham Sliced
approx. 100g on special
$2.10
save
$0.60
approx. 100g $21.00 per 1Kg
Unit Price
Price is an estimate
Add
100g
for $2.10

Don Premium Melosi Ham approx. 100g
Don Premium Melosi Ham
approx. 100g
$3.10
approx. 100g $31.00 per 1Kg
Unit Price
Price is an estimate
Add
100g
for $3.10

Don Shredded Ham approx. 100g
Don Shredded Ham
approx. 100g
$2.00
approx. 100g $20.00 per 1Kg
Unit Price
Price is an estimate
Add
100g
for $2.00"	[]
Bertocchi	Triple Smoked Leg Ham	$ 3 .40	approx. 100g	$34.00 per 1Kg	"Disclaimer:
Product details, including nutritional information and country of origin, may change from time to time and so the product you receive in your order may not reflect the information on this page. Please check the packaging on any product you purchase and if it's not what you expected, feel free to return it for a full refund.
Code: 1890118P
1 8 9 0 1 1 8 P
Customers also purchased
Don Shredded Ham approx. 100g
Don Shredded Ham
approx. 100g
$2.00
approx. 100g $20.00 per 1Kg
Unit Price
Price is an estimate
Add
100g
for $2.00

Coles Australian Made Ham On The Bone approx. 100g on special
Coles Australian Made Ham On The Bone
approx. 100g on special
$2.90
save
$0.70
approx. 100g $29.00 per 1Kg
Unit Price
Price is an estimate
Add
100g
for $2.90"	[]
Thomson's Deli	Honey Ham Sliced Quad Pack	$ 5 .50	400g	$13.75 per 1Kg	"Nutrition Facts
Serving size: 1 serving = 50g
Qty
Quantity
per serving Qty
Quantity
per 100g / 100ml %
Percentage
daily intake*
Energy 212.99 425.98 2
Energy Cal 50.95 101.91
Not provided
Protein 7.95 15.89 16
Total Fat 1.08 2.15 2
Saturated Fat 0.3 0.6 1
Carbohydrate 1.75 3.5 1
Sodium 488.5 977 21
Gluten 0 0
Not provided
*Percentage Daily Intake per serving. Percentage Daily Intakes are based on an average adult diet of 8700 kJ. Your daily intakes may be higher or lower depending on your energy needs.
Disclaimer:
Product details, including nutritional information and country of origin, may change from time to time and so the product you receive in your order may not reflect the information on this page. Please check the packaging on any product you purchase and if it's not what you expected, feel free to return it for a full refund.
Details
Ingredients:
Pork (75%) Water, Cure [Sugar, Mineral Salts (450, 451), Dextrose (Maize or Tapioca), Salt, Antioxidant (316), Preservative (250)], Honey (2%), Acidity Regulators (326, 325), Modified Maize Starch (1442), Salt, Vegetable Gum (407), Natural Flavouring.
Servings Per Pack:
8.0
Storage Instructions:
Keep refrigerated. Store at or below 5C.Once opened, consume within 4 days
Code: 2260465P
2 2 6 0 4 6 5 P
Customers also purchased
Primo Gluten Free Classic Kransky 250g
Primo Gluten Free Classic Kransky
250g
$5.40
250g $21.60 per 1Kg
Unit Price
Add
1
for $5.40

Primo Roast Pork Thinly Sliced 80g on special
Primo Roast Pork Thinly Sliced
80g on special
buy any 2 for $6.30
Any 2
$ 6 .30
regular price
$3.70 ea
each
80g $46.25 per 1Kg
Unit Price
Pick any 2 for $6.30 ...

Thomson's Deli Sliced Chicken Quad Pack 320g
Thomson's Deli Sliced Chicken Quad Pack
320g
$5.70
320g $17.81 per 1Kg
Unit Price
Add
1
for $5.70"	[]
Don	Premium Melosi Ham	$ 3 .10	approx. 100g	$31.00 per 1Kg	"Disclaimer:
Product details, including nutritional information and country of origin, may change from time to time and so the product you receive in your order may not reflect the information on this page. Please check the packaging on any product you purchase and if it's not what you expected, feel free to return it for a full refund.
Code: 9358230P
9 3 5 8 2 3 0 P
Customers also purchased
Don Shredded Ham approx. 100g
Don Shredded Ham
approx. 100g
$2.00
approx. 100g $20.00 per 1Kg
Unit Price
Price is an estimate
Add
100g
for $2.00"	[]
Don	Double Smoked Leg Ham	$ 6 .90	250g	$27.60 per 1Kg	"Nutrition Facts
Serving size: 1 serving = 50g
Qty
Quantity
per serving Qty
Quantity
per 100g / 100ml %
Percentage
daily intake*
Energy 198kJ 396kJ 2.0%
Protein 7.7g 15.3g 15.0%
Total Fat 1.2g 2.4g 2.0%
Saturated Fat Less Than 1g Less Than 1g 2.0%
Carbohydrate 1.4g 2.8g Less Than 1%
Sugars 1.0g 1.9g 1.0%
Sodium 510mg 1020mg 22.0%
Gluten Not Detected Not Detected
Not provided
*Percentage Daily Intake per serving. Percentage Daily Intakes are based on an average adult diet of 8700 kJ. Your daily intakes may be higher or lower depending on your energy needs.
Disclaimer:
Product details, including nutritional information and country of origin, may change from time to time and so the product you receive in your order may not reflect the information on this page. Please check the packaging on any product you purchase and if it's not what you expected, feel free to return it for a full refund.
Details
Ingredients:
PORK, WATER, SALT, ACIDITY REGULATORS (326, 262), DEXTROSE (MAIZE, TAPIOCA), EMULSIFIERS (450, 451, 508), PORK PROTEIN (HERB EXTRACT (392)), SUGAR, MODIFIED TAPIOCA STARCH (1412), THICKENER (407a), ANTIOXIDANT (316), SMOKE FLAVOUR, POTATO FIBRE, SODIUM NITRITE (250), CANOLA OIL, CITRUS FIBRE. MAY CONTAIN TRACES OF SOY
Contains:
MAY CONTAIN TRACES OF SOY
Allergen:
May Be Present Soy
Dietary:
No Artificial Flavours or Colours, 97% Fat Free
Servings Per Pack:
5.0
Storage Instructions:
Keep Refrigerated At 0-4C
Usage Instructions:
Ready to Eat Consume Within 5 Days Of Opening
Size:
250g
Preparation Instructions:
Ready to Eat
Code: 7433265P
7 4 3 3 2 6 5 P"	['/wcsstore/Coles-CAS/images/7/4/3/7433265-th.jpg', '/wcsstore/Coles-CAS/images/7/4/3/7433265_L-th.jpg', '/wcsstore/Coles-CAS/images/7/4/3/7433265_B-th.jpg']
Thomson's Deli	Chicken Loaf	$ 1 .50	approx. 100g	$15.00 per 1Kg	"Disclaimer:
Product details, including nutritional information and country of origin, may change from time to time and so the product you receive in your order may not reflect the information on this page. Please check the packaging on any product you purchase and if it's not what you expected, feel free to return it for a full refund.
Code: 3950913P
3 9 5 0 9 1 3 P
Customers also purchased
Coles BBQ Seasoned Shredded Chicken approx.100g
Coles BBQ Seasoned Shredded Chicken
approx.100g
$2.55
approx.100g $25.50 per 1Kg
Unit Price
Price is an estimate
Add
100g
for $2.55

Coles RSPCA Approved BBQ Roasted Chicken Breast approx. 100g
Coles RSPCA Approved BBQ Roasted Chicken Breast
approx. 100g
$2.40
approx. 100g $24.00 per 1Kg
Unit Price
Price is an estimate
Add
100g
for $2.40

Lilydale Lemon Pepper Roast Chicken approx. 100g on special
Lilydale Lemon Pepper Roast Chicken
approx. 100g on special
$2.60
save
$0.20
approx. 100g $26.00 per 1Kg
Unit Price
Price is an estimate
Add
100g
for $2.60

Thomson's Deli Supreme Chicken Breast approx. 100g
Thomson's Deli Supreme Chicken Breast
approx. 100g
$2.00
approx. 100g $20.00 per 1Kg
Unit Price
Price is an estimate
Add
100g
for $2.00"	[]
Coles	English Sliced Ham	$ 2 .30	100g	$23.00 per 1Kg	"Nutrition Facts
Serving size: 1 serving = 50g
Qty
Quantity
per serving Qty
Quantity
per 100g / 100ml %
Percentage
daily intake*
Energy 183 367 2
Energy Cal 44 88
Not provided
Protein 7.8 15.6 16
Total Fat 1.0 2.0 1
Saturated Fat LESS THAN 1g LESS THAN 1g 1
Trans LESS THAN 0.1g LESS THAN 0.1g
Not provided
Carbohydrate LESS THAN 1g 1.3 0
Sugars 0.65 1.30 1
Dietary Fibre Total 0.35 0.70 1
Sodium 480 960 21
Gluten NOT DETECTED NOT DETECTED
Not provided
*Percentage Daily Intake per serving. Percentage Daily Intakes are based on an average adult diet of 8700 kJ. Your daily intakes may be higher or lower depending on your energy needs.
Disclaimer:
Product details, including nutritional information and country of origin, may change from time to time and so the product you receive in your order may not reflect the information on this page. Please check the packaging on any product you purchase and if it's not what you expected, feel free to return it for a full refund.
Details
Ingredients:
INGREDIENTS: Sow Stall Free Pork (74%), Water, Cure [Sugar, Mineral Salts (450, 451), Dextrose (Maize, Tapioca), Salt, Antioxidant (316), Preservative (250)], Acidity Regulators (326, 325), Modified Maize Starch (1442), Salt, Vegetable Gum (407), Natural Flavouring.
Allergen:
May Contain SOY
Servings Per Pack:
2.0
Storage Instructions:
Keep refrigerated. Store at or below 5CrnKeep refrigerated. Store at or below 5CrnOnce opened, consume within 4 daysrnOnce opened, consume within 4 daysrnOnce opened, consume within 4 days, Keep refrigerated. Store at or below 5CrnOnce opened, consume within 4 days
Code: 3053353P
3 0 5 3 3 5 3 P
Customers also purchased
Coles Honey Sliced Ham Sow Stall Free 100g
Coles Honey Sliced Ham Sow Stall Free
100g
$2.30
100g $23.00 per 1Kg
Unit Price
Add
1
for $2.30"	['/wcsstore/Coles-CAS/images/3/0/5/3053353-th.jpg', '/wcsstore/Coles-CAS/images/3/0/5/3053353_B-th.jpg']
Don	Deli Leg Ham	$ 1 .80	approx. 100g	$18.00 per 1Kg	"Disclaimer:
Product details, including nutritional information and country of origin, may change from time to time and so the product you receive in your order may not reflect the information on this page. Please check the packaging on any product you purchase and if it's not what you expected, feel free to return it for a full refund.
Code: 2421280P
2 4 2 1 2 8 0 P
Customers also purchased
Don Virginian Leg Ham Sliced approx. 100g on special
Don Virginian Leg Ham Sliced
approx. 100g on special
$2.10
save
$0.60
approx. 100g $21.00 per 1Kg
Unit Price
Price is an estimate
Add
100g
for $2.10

Don Shredded Ham approx. 100g
Don Shredded Ham
approx. 100g
$2.00
approx. 100g $20.00 per 1Kg
Unit Price
Price is an estimate
Add
100g
for $2.00

Primo Champagne Leg Ham approx. 100g
Primo Champagne Leg Ham
approx. 100g
$2.20
approx. 100g $22.00 per 1Kg
Unit Price
Price is an estimate
Add
100g
for $2.20"	[]
Coles	RSPCA Approved BBQ Roasted Chicken Breast	$ 2 .40	approx. 100g	$24.00 per 1Kg	"Nutrition Facts
Serving size: 1 serving = 50g
Qty
Quantity
per serving Qty
Quantity
per 100g / 100ml %
Percentage
daily intake*
Energy 270.90 541.80
Not provided
Energy Cal 64.81 129.62
Not provided
Protein 8.65 17.30
Not provided
Total Fat 2.85 5.70
Not provided
Saturated Fat 0.80 1.60
Not provided
Carbohydrate 0.80 1.60
Not provided
Sugars 0.50 1.00
Not provided
Dietary Fibre Total 0.60 1.20
Not provided
Sodium 424.00 848.00
Not provided
*Percentage Daily Intake per serving. Percentage Daily Intakes are based on an average adult diet of 8700 kJ. Your daily intakes may be higher or lower depending on your energy needs.
Disclaimer:
Product details, including nutritional information and country of origin, may change from time to time and so the product you receive in your order may not reflect the information on this page. Please check the packaging on any product you purchase and if it's not what you expected, feel free to return it for a full refund.
Details
Ingredients:
INGREDIENTS: RSPCA Approved Chicken Breast (91%), Natural Flavouring, Salt, Maltodextrin (Maize), Vinegar, Fibers (Potato, Psyllium Husk Powder, Bamboo Fibre), Mineral Salts (451, 508, 450), Sugar, Vegetable Gum (407a), Yeast Extract, Maize Starch, Vegetable Powders (Tomato Powder, Onion Powder, Garlic Powder), Spices (Chilli Powder, Black Pepper, Paprika, Pepper), Vinegar Powder, Spice Extracts (Paprika Oleoresins, Celery Extract, Capsicum Extract), Vegetable Oil (Canola Oil), Herbs (Parsley, Rosemary, Oregano), Smoke Flavouring, Herb Extracts (Rosemary Extract, Sage Extract), Edible Beef Collagen Casing
Servings Per Pack:
2.0
Storage Instructions:
Once opened, consume within 4 days. Keep refrigerated. Store at or below 5C
Code: 3359400P
3 3 5 9 4 0 0 P
Customers also purchased
Coles BBQ Seasoned Shredded Chicken approx.100g
Coles BBQ Seasoned Shredded Chicken
approx.100g
$2.55
approx.100g $25.50 per 1Kg
Unit Price
Price is an estimate
Add
100g
for $2.55

Thomson's Deli Chicken Loaf approx. 100g
Thomson's Deli Chicken Loaf
approx. 100g
$1.50
approx. 100g $15.00 per 1Kg
Unit Price
Price is an estimate
Add
100g
for $1.50

Lilydale Lemon Pepper Roast Chicken approx. 100g on special
Lilydale Lemon Pepper Roast Chicken
approx. 100g on special
$2.60
save
$0.20
approx. 100g $26.00 per 1Kg
Unit Price
Price is an estimate
Add
100g
for $2.60

Thomson's Deli Supreme Chicken Breast approx. 100g
Thomson's Deli Supreme Chicken Breast
approx. 100g
$2.00
approx. 100g $20.00 per 1Kg
Unit Price
Price is an estimate
Add
100g
for $2.00"	['/wcsstore/Coles-CAS/images/3/3/5/3359400-th.jpg', '/wcsstore/Coles-CAS/images/3/3/5/3359400_L-th.jpg']
Coles	Shredded Roast Chicken Breast	$ 5 .70	150g	$38.00 per 1Kg	"Nutrition Facts
Serving size: 1 serving = 75g
Qty
Quantity
per serving Qty
Quantity
per 100g / 100ml %
Percentage
daily intake*
Energy 378 505 4
Energy Cal 91 121 0
Protein 17.5 23.3 35
Total Fat 1.7 2.2 2
Saturated Fat LESS THAN 1g LESS THAN 1g 3
Carbohydrate 1.1 1.4 0
Sugars 1.05 1.40 1
Dietary Fibre Total 0.30 0.40 1
Sodium 515 686 22
*Percentage Daily Intake per serving. Percentage Daily Intakes are based on an average adult diet of 8700 kJ. Your daily intakes may be higher or lower depending on your energy needs.
Disclaimer:
Product details, including nutritional information and country of origin, may change from time to time and so the product you receive in your order may not reflect the information on this page. Please check the packaging on any product you purchase and if it's not what you expected, feel free to return it for a full refund.
Details
Ingredients:
INGREDIENTS: RSPCA Approved Chicken Breast (77%), Marinade [Water, Dextrose (Corn), Mineral Salt (451), Potato Starch, Salt, Vegetable Powders (Onion, Garlic), Natural Flavouring, Thickener (Carrageenan), Herb Extracts (Rosemary, Oregano, Sage)], Preservative (Sodium Lactate).
Allergen:
May Contain CEREALS CONTAINING GLUTEN, May Contain MILK, May Contain SOY
Servings Per Pack:
2.0
Storage Instructions:
Once opened, refrigerate below 5C and use within 2 days., Keep refrigerated. Store at or below 5CrnOnce opened, refrigerate below 5C and use within 2 days.
Warning:
Food Warnings:rnALL CARE HAS BEEN TAKEN TO REMOVE ALL BONES AND BONE FRAGMENTS, HOWEVER SOME MAY REMAIN.rnrn
Preparation Instructions:
Microwave:rnHow to ReheatBased on a 900Watt microwave:
Place chicken in a microwave safe bowl, cover with cling film and pierce twice.
Heat on HIGH for 40 seconds.
Stir chicken and then re-cover and heat for a further 30 seconds.
Allow to stand for 1 minute prior to serving.This reheat instruction is given as a guide only as appliances vary between brands.CAUTION: PRODUCT WILL BE HOT. TAKE CARE WHEN HANDLING.rnrn
Code: 3081290P
3 0 8 1 2 9 0 P
Customers also purchased
Coles Sliced Peri Peri Roast Chicken Breast 150g everyday product
Coles Sliced Peri Peri Roast Chicken Breast
150g everyday product
$5.70
150g $38.00 per 1Kg
Unit Price
Add
1
for $5.70

Primo Chicken Frankfurts 375g
Primo Chicken Frankfurts
375g
$5.10
375g $13.60 per 1Kg
Unit Price
Add
1
for $5.10"	['/wcsstore/Coles-CAS/images/3/0/8/3081290-th.jpg', '/wcsstore/Coles-CAS/images/3/0/8/3081290_B-th.jpg']
Don	Sliced Ham English	$ 6 .90	250g	$27.60 per 1Kg	"Nutrition Facts
Serving size: 1 serving = 50g
Qty
Quantity
per serving Qty
Quantity
per 100g / 100ml %
Percentage
daily intake*
Energy 199kJ 397kJ 2.0%
Protein 7.7g 15.3g 15.0%
Total Fat 1.3g 2.5g 2.0%
Saturated Fat Less Than 1g Less Than 1g 2.0%
Carbohydrate 1.3g 2.6g Less Than 1%
Sugars 1.0g 1.9g 1.0%
Sodium 480mg 960mg 21.0%
Gluten Not Detected Not Detected
Not provided
*Percentage Daily Intake per serving. Percentage Daily Intakes are based on an average adult diet of 8700 kJ. Your daily intakes may be higher or lower depending on your energy needs.
Disclaimer:
Product details, including nutritional information and country of origin, may change from time to time and so the product you receive in your order may not reflect the information on this page. Please check the packaging on any product you purchase and if it's not what you expected, feel free to return it for a full refund.
Details
Ingredients:
PORK, WATER, SALT, ACIDITY REGULATORS (326, 262), DEXTROSE (MAIZE, TAPIOCA), EMULSIFIERS (450, 451, 508), PORK PROTEIN (HERB EXTRACT (392)), SUGAR, MODIFIED TAPIOCA STARCH (1412), THICKENER (407a), ANTIOXIDANT (316), POTATO FIBRE, SODIUM NITRITE (250), CANOLA OIL, CITRUS FIBRE. MAY CONTAIN TRACES OF SOY.
Contains:
MAY CONTAIN TRACES OF SOY.
Allergen:
May Be Present Soy
Dietary:
No Artificial Flavours or Colours, 97% Fat Free
Servings Per Pack:
5.0
Storage Instructions:
Keep Refrigerated At 0-4C
Usage Instructions:
Ready to Eat Consume Within 5 Days Of Opening Serve on a crusty bread roll with your favourite accompaniments
Size:
250g
Preparation Instructions:
Ready to Eat
Code: 7433232P
7 4 3 3 2 3 2 P
Customers also purchased
Primo Shredded Ham Twin Pack 300g
Primo Shredded Ham Twin Pack
300g
$5.20
300g $17.33 per 1Kg
Unit Price
Add
1
for $5.20

Don Double Smoked Leg Ham 250g
Don Double Smoked Leg Ham
250g
$6.90
250g $27.60 per 1Kg
Unit Price
Add
1
for $6.90

Don Honey Leg Ham 250g
Don Honey Leg Ham
250g
$6.90
250g $27.60 per 1Kg
Unit Price
Add
1
for $6.90

Coles Australian Made Free Range Triple Smoked Leg Ham 140g on special
Coles Australian Made Free Range Triple Smoked Leg Ham
140g on special
$6.00
save
$1.80
140g $42.86 per 1Kg
Unit Price
Add
1
for $6.00"	['/wcsstore/Coles-CAS/images/7/4/3/7433232-th.jpg', '/wcsstore/Coles-CAS/images/7/4/3/7433232_B-th.jpg']
Thomson's Deli	Devon	$ 3 .30	1kg	$3.30 per 1Kg	"Nutrition Facts
Serving size: 1 serving = 50g
Qty
Quantity
per serving Qty
Quantity
per 100g / 100ml %
Percentage
daily intake*
Energy 485kJ 970kJ
Not provided
Energy Cal 116Cal 232cal
Not provided
Protein 5.8g 11.6g
Not provided
Total Fat 8.8g 17.5g
Not provided
Saturated Fat 4.0g 8.0g
Not provided
Carbohydrate 3.7g 7.3g
Not provided
Sugars Less than 1g Less than 1g
Not provided
Sodium 440mg 880mg
Not provided
Gluten 0mg 0mg
Not provided
*Percentage Daily Intake per serving. Percentage Daily Intakes are based on an average adult diet of 8700 kJ. Your daily intakes may be higher or lower depending on your energy needs.
Disclaimer:
Product details, including nutritional information and country of origin, may change from time to time and so the product you receive in your order may not reflect the information on this page. Please check the packaging on any product you purchase and if it's not what you expected, feel free to return it for a full refund.
Details
Ingredients:
Meat including Pork (66%), Water, Premix [Rice Flour, Tapioca Starch, Salt, Stabilisers (451, 450), Modified Starch (1442), natural Flavour, Dextrose, Spices, Fermented Red Rice, Vegetable Fibre, Antioxidant (316), Preservative (250)], potato Starch, Soya Protein Isolate, Sucrose, Preservative (223), Stabiliser (412). Manufactured Meat.
Allergen:
Contains Preservatives
Servings Per Pack:
20.0
Storage Instructions:
Store at 4C or below
Usage Instructions:
Consume within four days of opening the pack.
Size:
1kg
Code: 2042442P
2 0 4 2 4 4 2 P
Customers also purchased
Thomson's Deli Ham And Chicken Luncheon 1kg
Thomson's Deli Ham And Chicken Luncheon
1kg
$3.50
1kg $3.50 per 1Kg
Unit Price
Add
1
for $3.50

Gotzinger Cheese Kransky 400g
Gotzinger Cheese Kransky
400g
$10.00
400g $25.00 per 1Kg
Unit Price
Add
1
for $10.00"	['/wcsstore/Coles-CAS/images/2/0/4/2042442-th.jpg', '/wcsstore/Coles-CAS/images/2/0/4/2042442_L-th.jpg', '/wcsstore/Coles-CAS/images/2/0/4/2042442_R-th.jpg', '/wcsstore/Coles-CAS/images/2/0/4/2042442_B-th.jpg']
Thomson's Deli	Mild Hungarian Salami	$ 6 .60	320g	$20.63 per 1Kg	"Disclaimer:
Product details, including nutritional information and country of origin, may change from time to time and so the product you receive in your order may not reflect the information on this page. Please check the packaging on any product you purchase and if it's not what you expected, feel free to return it for a full refund.
Code: 3930461P
3 9 3 0 4 6 1 P
Customers also purchased
Thomson's Deli Danish Salami 200g
Thomson's Deli Danish Salami
200g
$5.00
200g $25.00 per 1Kg
Unit Price
Add
1
for $5.00"	[]
Tibaldi	Ham Off The Bone	$ 5 .00	120g	$41.67 per 1Kg	"Nutrition Facts
Serving size: 1 serving = 50g
Qty
Quantity
per serving Qty
Quantity
per 100g / 100ml %
Percentage
daily intake*
Energy 232kJ 465kJ 3%
Protein 9.1g 18.3g 18%
Total Fat 1.9g 3.8g 3%
Saturated Fat 0.7g 1.4g 3%
Carbohydrate 0.6g 1.3g 0%
Sugars 0.5g 1.1g 1%
Sodium 53mg 1007mg 22%
*Percentage Daily Intake per serving. Percentage Daily Intakes are based on an average adult diet of 8700 kJ. Your daily intakes may be higher or lower depending on your energy needs.
Disclaimer:
Product details, including nutritional information and country of origin, may change from time to time and so the product you receive in your order may not reflect the information on this page. Please check the packaging on any product you purchase and if it's not what you expected, feel free to return it for a full refund.
Details
Ingredients:
Australian Pork (90%), Water, Salt, Acidity Regulators(325, 262), Stabilisers (451, 450), Sugar,Dextrose (Tapioca or Maize), Yeast Extract,Spices, Garlic Powder, Antioxidant (316),Preservative (250). Naturally Wood Smoked.
Servings Per Pack:
2.0
Storage Instructions:
Store between 0 - 4C
Dimensions:
210 x 171 x 10mm
Size:
0.12kg
Code: 3575927P
3 5 7 5 9 2 7 P
Customers also purchased
Primo Silverside 80g on special
Primo Silverside
80g on special
buy any 2 for $6.30
Any 2
$ 6 .30
regular price
$3.70 ea
each
80g $46.25 per 1Kg
Unit Price
Pick any 2 for $6.30 ...

Don Crafted Cuts Grass Fed Roast Beef 100g
Don Crafted Cuts Grass Fed Roast Beef
100g
$4.50
100g $45.00 per 1Kg
Unit Price
Add
1
for $4.50"	[]
Coles	BBQ Seasoned Shredded Chicken	$ 2 .55	approx.100g	$25.50 per 1Kg	"Nutrition Facts
Serving size: 1 serving = 50g
Qty
Quantity
per serving Qty
Quantity
per 100g / 100ml %
Percentage
daily intake*
Energy 203.75 407.50
Not provided
Energy Cal 49 97
Not provided
Protein 8.7 17.4 17
Total Fat LESS THAN 1g 1.9 1
Saturated Fat 0.25 0.50
Not provided
Carbohydrate 1.10 2.20
Not provided
Sugars 0.70 1.40
Not provided
Dietary Fibre Total 0.25 0.50
Not provided
Sodium 378.00 756.00
Not provided
*Percentage Daily Intake per serving. Percentage Daily Intakes are based on an average adult diet of 8700 kJ. Your daily intakes may be higher or lower depending on your energy needs.
Disclaimer:
Product details, including nutritional information and country of origin, may change from time to time and so the product you receive in your order may not reflect the information on this page. Please check the packaging on any product you purchase and if it's not what you expected, feel free to return it for a full refund.
Details
Ingredients:
INGREDIENTS: RSPCA Approved Chicken Breast (82%), Marinade Mix [Water, Acidity Regulators (326, 262, 331), Salt, Starch (Potato, Tapioca), Vegetable Fibres, Dextrose, Mineral Salts (451, 450, 508), Thickeners (407a, 415), Yeast Extract, Sugar, Spice Extracts, Herb Extracts, Vegetable Extracts [Onion, Celery], Antioxidant (301)], BBQ Spice Seasoning (2.5%) [Sugar, Maltodextrin (Maize), Vegetable Powders [Tomato, Onion, Garlic], Salt, Natural Colour (150a), Spices, Vinegar Powder, Canola Oil, Herb, Smoke Flavour].
Servings Per Pack:
20.0
Code: 1873039P
1 8 7 3 0 3 9 P
Customers also purchased
Coles RSPCA Approved BBQ Roasted Chicken Breast approx. 100g
Coles RSPCA Approved BBQ Roasted Chicken Breast
approx. 100g
$2.40
approx. 100g $24.00 per 1Kg
Unit Price
Price is an estimate
Add
100g
for $2.40

Thomson's Deli Chicken Loaf approx. 100g
Thomson's Deli Chicken Loaf
approx. 100g
$1.50
approx. 100g $15.00 per 1Kg
Unit Price
Price is an estimate
Add
100g
for $1.50

Lilydale Lemon Pepper Roast Chicken approx. 100g on special
Lilydale Lemon Pepper Roast Chicken
approx. 100g on special
$2.60
save
$0.20
approx. 100g $26.00 per 1Kg
Unit Price
Price is an estimate
Add
100g
for $2.60

Thomson's Deli Supreme Chicken Breast approx. 100g
Thomson's Deli Supreme Chicken Breast
approx. 100g
$2.00
approx. 100g $20.00 per 1Kg
Unit Price
Price is an estimate
Add
100g
for $2.00"	['/wcsstore/Coles-CAS/images/1/8/7/1873039-th.jpg', '/wcsstore/Coles-CAS/images/1/8/7/1873039_L-th.jpg']
Don	Shaved Leg Ham	$ 6 .90	250g	$27.60 per 1Kg	"Nutrition Facts
Serving size: 1 serving = 50g
Qty
Quantity
per serving Qty
Quantity
per 100g / 100ml %
Percentage
daily intake*
Energy 194kJ 387kJ 2%
Protein 7.6g 15.1g 15%
Total Fat 1.1g 2.1g 2%
Saturated Fat Less than 1g Less than 1g 1%
Carbohydrate 1.6g 3.1g 1%
Sugars Less than 1g 1.2g 1%
Sodium 510mg 1020mg 22%
Gluten Not Detected Not Detected
Not provided
*Percentage Daily Intake per serving. Percentage Daily Intakes are based on an average adult diet of 8700 kJ. Your daily intakes may be higher or lower depending on your energy needs.
Disclaimer:
Product details, including nutritional information and country of origin, may change from time to time and so the product you receive in your order may not reflect the information on this page. Please check the packaging on any product you purchase and if it's not what you expected, feel free to return it for a full refund.
Details
Ingredients:
PORK, WATER, SALT, ACIDITY REGULATORS (326, 262), DEXTROSE (MAIZE, TAPIOCA), EMULSIFIERS (450, 451, 508), PORK PROTEIN (HERB EXTRACT (392)), SUGAR, MODIFIED TAPIOCA STARCH (1412), THICKENER (407a), ANTIOXIDANT (316), POTATO FIBRE, SODIUM NITRITE (250), CANOLA OIL, CITRUS FIBRE, SMOKE FLAVOUR.
Allergen:
May Be Present Soy
Dietary:
No Artificial Flavours or Colours, 97% Fat Free
Servings Per Pack:
5.0
Storage Instructions:
KEEP REFRIGERATED AT 0-4C CONSUME WITHIN 5 DAYS OF OPENING READY TO EAT
Size:
250g
Preparation Instructions:
Ready to Eat
Code: 4506497P
4 5 0 6 4 9 7 P
Customers also purchased
Don Shaved Turkey 170g
Don Shaved Turkey
170g
$6.90
170g $40.59 per 1Kg
Unit Price
Add
1
for $6.90"	['/wcsstore/Coles-CAS/images/4/5/0/4506497-th.jpg', '/wcsstore/Coles-CAS/images/4/5/0/4506497_B-th.jpg']
Don	Honey Leg Ham	$ 6 .90	250g	$27.60 per 1Kg	"Nutrition Facts
Serving size: 1 serving = 50g
Qty
Quantity
per serving Qty
Quantity
per 100g / 100ml %
Percentage
daily intake*
Energy 197kJ 393kJ 2.0%
Protein 7.7g 15.4g 15.0%
Total Fat Less Than 1g 1.4g 1.0%
Saturated Fat Less Than 1g Less Than 1g 1.0%
Carbohydrate 2.4g 4.8g 1.0%
Sugars 1.4g 2.7g 2.0%
Sodium 530mg 1060mg 23.0%
Gluten Not Detected Not Detected
Not provided
*Percentage Daily Intake per serving. Percentage Daily Intakes are based on an average adult diet of 8700 kJ. Your daily intakes may be higher or lower depending on your energy needs.
Disclaimer:
Product details, including nutritional information and country of origin, may change from time to time and so the product you receive in your order may not reflect the information on this page. Please check the packaging on any product you purchase and if it's not what you expected, feel free to return it for a full refund.
Details
Ingredients:
PORK, WATER, SALT, ACIDITY REGULATORS (326, 262), SUGAR, HONEY, DEXTROSE (MAIZE, TAPIOCA), EMULSIFIERS (450, 451, 508), PORK PROTEIN (HERB EXTRACT (392)), MODIFIED TAPIOCA STARCH (1412), THICKENER (407a), ANTIOXIDANT (316), POTATO FIBRE, SODIUM NITRITE (250), CITRUS FIBRE, CANOLA OIL. MAY CONTAIN TRACES OF SOY.
Contains:
MAY CONTAIN TRACES OF SOY.
Allergen:
May Be Present Soy
Dietary:
No Artificial Flavours or Colours, 97% Fat Free
Servings Per Pack:
5.0
Storage Instructions:
Keep Refrigerated At 0-4C
Usage Instructions:
Ready to Eat Consume Within 5 Days Of Opening
Size:
250g
Preparation Instructions:
Ready to Eat
Code: 7433243P
7 4 3 3 2 4 3 P
Customers also purchased
Don Double Smoked Leg Ham 250g
Don Double Smoked Leg Ham
250g
$6.90
250g $27.60 per 1Kg
Unit Price
Add
1
for $6.90

Don Sliced Ham English 250g
Don Sliced Ham English
250g
$6.90
250g $27.60 per 1Kg
Unit Price
Add
1
for $6.90

Don Crafted Cuts Grass Fed Roast Beef 100g
Don Crafted Cuts Grass Fed Roast Beef
100g
$4.50
100g $45.00 per 1Kg
Unit Price
Add
1
for $4.50

Thomson's Deli Sliced Chicken Quad Pack 320g
Thomson's Deli Sliced Chicken Quad Pack
320g
$5.70
320g $17.81 per 1Kg
Unit Price
Add
1
for $5.70"	['/wcsstore/Coles-CAS/images/7/4/3/7433243-th.jpg', '/wcsstore/Coles-CAS/images/7/4/3/7433243_B-th.jpg']
Coles	Silverside	$ 2 .50	approx. 100g	$25.00 per 1Kg	"Nutrition Facts
Serving size: 1 serving = Approximately 100g
Qty
Quantity
per serving Qty
Quantity
per 100g / 100ml %
Percentage
daily intake*
Energy 296.05 592.1 3
Energy Cal 70.83 141.65
Not provided
Protein 9.75 19.5 20
Total Fat 3.2 6.4 5
Saturated Fat 1.45 2.9 6
Carbohydrate 0.7 1.4 0
Sodium 526.5 1053 23
*Percentage Daily Intake per serving. Percentage Daily Intakes are based on an average adult diet of 8700 kJ. Your daily intakes may be higher or lower depending on your energy needs.
Disclaimer:
Product details, including nutritional information and country of origin, may change from time to time and so the product you receive in your order may not reflect the information on this page. Please check the packaging on any product you purchase and if it's not what you expected, feel free to return it for a full refund.
Details
Ingredients:
INGREDIENTS: Australian HGP Free Beef(74%), Water, Cure [Salt, Sugar, Mineral Salts (451, 452, 508, 450), Vegetable Gum (407a), Dextrose (Maize or Tapioca), Hydrolysed Maize Protein, Antioxidant (316), Preservative (250), Vegetable Powder], Acidity Regulators (325).
Servings Per Pack:
20.0
Storage Instructions:
Keep refrigerated. Store at or below 5C
Code: 1472253P
1 4 7 2 2 5 3 P
Customers also purchased
Coles Deli Pastrami approx. 100g on special
Coles Deli Pastrami
approx. 100g on special
$2.50
save
$0.60
approx. 100g $25.00 per 1Kg
Unit Price
Price is an estimate
Add
100g
for $2.50

Coles Deli Roast Beef approx. 100g on special
Coles Deli Roast Beef
approx. 100g on special
$2.95
save
$0.55
approx. 100g $29.50 per 1Kg
Unit Price
Price is an estimate
Add
100g
for $2.95"	['/wcsstore/Coles-CAS/images/1/4/7/1472253-th.jpg', '/wcsstore/Coles-CAS/images/1/4/7/1472253_L-th.jpg', '/wcsstore/Coles-CAS/images/1/4/7/1472253_R-th.jpg']
Coles	Pepperoni	$ 6 .90	200g	$34.50 per 1Kg	"Nutrition Facts
Serving size: 1 serving = 50g
Qty
Quantity
per serving Qty
Quantity
per 100g / 100ml %
Percentage
daily intake*
Energy 758.98 1517.95
Not provided
Energy Cal 181.57 363.15
Not provided
Protein 13.95 27.90
Not provided
Total Fat 13.80 27.60
Not provided
Saturated Fat 6.6 13.1 28
Trans 0.04 0.08
Not provided
Carbohydrate 0.03 0.05
Not provided
Sugars 0.03 0.05
Not provided
Dietary Fibre Total 1.35 2.70
Not provided
Sodium 785.00 1570.00
Not provided
Gluten 0.00 0.00
Not provided
*Percentage Daily Intake per serving. Percentage Daily Intakes are based on an average adult diet of 8700 kJ. Your daily intakes may be higher or lower depending on your energy needs.
Disclaimer:
Product details, including nutritional information and country of origin, may change from time to time and so the product you receive in your order may not reflect the information on this page. Please check the packaging on any product you purchase and if it's not what you expected, feel free to return it for a full refund.
Details
Ingredients:
INGREDIENTS: Sow Stall Free Australian Pork (75%), No Added Hormones Australian Beef (19%), Salt, Dextrose, Milk Solids, Chilli, Spices [Black Pepper, Paprika], Lactose (Milk), Mineral Salt (451), Antioxidant (316), Smoke Flavouring, Garlic Powder, Starter Culture, Preservative (250). Natural Wood Smoke.
Allergen:
Contains MILK
Servings Per Pack:
4.0
Storage Instructions:
Keep refrigerated. Store at or below 5C. Once opened, consume within 4 days.
Code: 2807120P
2 8 0 7 1 2 0 P
Customers also purchased
Primo Classic Chorizo 2 Pack 250g
Primo Classic Chorizo 2 Pack
250g
$7.30
250g $2.92 per 100G
Unit Price
Add
1
for $7.30"	['/wcsstore/Coles-CAS/images/2/8/0/2807120-th.jpg', '/wcsstore/Coles-CAS/images/2/8/0/2807120_L-th.jpg', '/wcsstore/Coles-CAS/images/2/8/0/2807120_B-th.jpg']
Coles	Honey Sliced Ham Sow Stall Free	$ 2 .30	100g	$23.00 per 1Kg	"Nutrition Facts
Serving size: 1 serving = 50g
Qty
Quantity
per serving Qty
Quantity
per 100g / 100ml %
Percentage
daily intake*
Energy 200 399 2
Energy Cal 48 95
Not provided
Protein 7.20 14.40 14
Total Fat 1.2 2.3 2
Saturated Fat LESS THAN 1g LESS THAN 1g 1
Trans 0.00 0.00 0
Carbohydrate 1.8 3.5 1
Sugars 1.65 3.30 2
Dietary Fibre Total 0.60 1.20 2
Sodium 525 1050 23
Gluten 0.00 0.00 0
*Percentage Daily Intake per serving. Percentage Daily Intakes are based on an average adult diet of 8700 kJ. Your daily intakes may be higher or lower depending on your energy needs.
Disclaimer:
Product details, including nutritional information and country of origin, may change from time to time and so the product you receive in your order may not reflect the information on this page. Please check the packaging on any product you purchase and if it's not what you expected, feel free to return it for a full refund.
Details
Ingredients:
INGREDIENTS: Sow Stall Free Pork (74%), Water, Cure [Sugar, Mineral Salts (450, 451), Dextrose (Maize, Tapioca), Salt, Antioxidant (316), Preservative (250)], Honey (2.0%), Acidity Regulators (326, 325), Modified Maize Starch (1442), Salt, Vegetable Gum (407), Natural Flavouring.
Allergen:
May Contain SOY
Servings Per Pack:
2.0
Storage Instructions:
Keep refrigerated. Store at or below 5CrnKeep refrigerated. Store at or below 5CrnOnce opened, consume within 4 daysrnOnce opened, consume within 4 daysrnOnce opened, consume within 4 days, Keep refrigerated. Store at or below 5CrnOnce opened, consume within 4 days
Code: 3053513P
3 0 5 3 5 1 3 P
Customers also purchased
Coles English Sliced Ham 100g
Coles English Sliced Ham
100g
$2.30
100g $23.00 per 1Kg
Unit Price
Add
1
for $2.30

Primo Roast Pork Thinly Sliced 80g on special
Primo Roast Pork Thinly Sliced
80g on special
buy any 2 for $6.30
Any 2
$ 6 .30
regular price
$3.70 ea
each
80g $46.25 per 1Kg
Unit Price
Pick any 2 for $6.30 ..."	['/wcsstore/Coles-CAS/images/3/0/5/3053513-th.jpg', '/wcsstore/Coles-CAS/images/3/0/5/3053513_B-th.jpg']
Thomson's Deli	Supreme Chicken Breast	$ 2 .00	approx. 100g	$20.00 per 1Kg	"Disclaimer:
Product details, including nutritional information and country of origin, may change from time to time and so the product you receive in your order may not reflect the information on this page. Please check the packaging on any product you purchase and if it's not what you expected, feel free to return it for a full refund.
Code: 4658349P
4 6 5 8 3 4 9 P
Customers also purchased
Coles Deli Sliced Fettayleh Smallgoods Chicken Roll approx. 125g
Coles Deli Sliced Fettayleh Smallgoods Chicken Roll
approx. 125g
$1.81
approx. 125g $14.50 per 1Kg
Unit Price
Price is an estimate
Add
125g
for $1.81

Coles BBQ Seasoned Shredded Chicken approx.100g
Coles BBQ Seasoned Shredded Chicken
approx.100g
$2.55
approx.100g $25.50 per 1Kg
Unit Price
Price is an estimate
Add
100g
for $2.55

Coles RSPCA Approved BBQ Roasted Chicken Breast approx. 100g
Coles RSPCA Approved BBQ Roasted Chicken Breast
approx. 100g
$2.40
approx. 100g $24.00 per 1Kg
Unit Price
Price is an estimate
Add
100g
for $2.40

Lilydale Lemon Pepper Roast Chicken approx. 100g on special
Lilydale Lemon Pepper Roast Chicken
approx. 100g on special
$2.60
save
$0.20
approx. 100g $26.00 per 1Kg
Unit Price
Price is an estimate
Add
100g
for $2.60"	['/wcsstore/Coles-CAS/images/4/6/5/4658349-th.jpg', '/wcsstore/Coles-CAS/images/4/6/5/4658349_L-th.jpg', '/wcsstore/Coles-CAS/images/4/6/5/4658349_B-th.jpg']
Coles	Mild Salami	$ 6 .90	200g	$34.50 per 1Kg	"Nutrition Facts
Serving size: 1 serving = 50g
Qty
Quantity
per serving Qty
Quantity
per 100g / 100ml %
Percentage
daily intake*
Energy 710.20 1420.40
Not provided
Energy Cal 169.90 339.81
Not provided
Protein 11.90 23.80
Not provided
Total Fat 13.40 26.80
Not provided
Saturated Fat 5.35 10.70
Not provided
Trans 0.03 0.05
Not provided
Carbohydrate 0.70 1.40
Not provided
Sugars 0.03 0.05
Not provided
Dietary Fibre Total 0.03 0.05
Not provided
Sodium 755.00 1510.00
Not provided
Gluten 0.00 0.00
Not provided
*Percentage Daily Intake per serving. Percentage Daily Intakes are based on an average adult diet of 8700 kJ. Your daily intakes may be higher or lower depending on your energy needs.
Disclaimer:
Product details, including nutritional information and country of origin, may change from time to time and so the product you receive in your order may not reflect the information on this page. Please check the packaging on any product you purchase and if it's not what you expected, feel free to return it for a full refund.
Details
Ingredients:
INGREDIENTS: Sow Stall Free Australian Pork (75%), No Added Hormones Australian Beef (19%), Salt, Dextrose, Milk Solids, Spices (Black Pepper, Paprika), Fortified Wine, Lactose (Milk), Mineral Salt (451), Antioxidant (316), Smoke Flavouring, Garlic Powder, Starter Culture, Preservative (250). Natural Wood Smoke.
Allergen:
Contains MILK
Servings Per Pack:
4.0
Storage Instructions:
Keep refrigerated. Store at or below 5C. Once opened, consume within 4 days.
Code: 2807277P
2 8 0 7 2 7 7 P
Customers also purchased
Primo Prosciutto 100g on special
Primo Prosciutto
100g on special
$6.00
save
$1.50
100g $60.00 per 1Kg
Unit Price
Add
1
for $6.00

Hans Platinum Kabana 300g
Hans Platinum Kabana
300g
$5.90
300g $19.67 per 1Kg
Unit Price
Add
1
for $5.90"	['/wcsstore/Coles-CAS/images/2/8/0/2807277-th.jpg', '/wcsstore/Coles-CAS/images/2/8/0/2807277_L-th.jpg', '/wcsstore/Coles-CAS/images/2/8/0/2807277_B-th.jpg']
Don	Mild Hungarian Salami	$ 6 .90	180g	$38.34 per 1Kg	"Nutrition Facts
Serving size: 1 serving = 60g
Qty
Quantity
per serving Qty
Quantity
per 100g / 100ml %
Percentage
daily intake*
Energy 1038kJ 1730kJ 12.0%
Protein 11.3g 18.9g 23.0%
Total Fat 22.7g 37.8g 32.0%
Saturated Fat 9.2g 15.4g 39.0%
Carbohydrate 1.1g 1.8g LESS THAN 1%
Sugars LESS THAN 1g LESS THAN 1g LESS THAN 1%
Sodium 960mg 1600mg 42.0%
Gluten Not detected Not detected
Not provided
*Percentage Daily Intake per serving. Percentage Daily Intakes are based on an average adult diet of 8700 kJ. Your daily intakes may be higher or lower depending on your energy needs.
Disclaimer:
Product details, including nutritional information and country of origin, may change from time to time and so the product you receive in your order may not reflect the information on this page. Please check the packaging on any product you purchase and if it's not what you expected, feel free to return it for a full refund.
Details
Ingredients:
FERMENTED MANUFACTURED MEAT - NOT HEAT TREATED Ingredients: Meat Including Pork, Salt, Starch (Tapioca), Dextrose (Tapioca, Maize), Spices and Spice Extracts, Maltodextrin (Maize), Sugar, Herb Extract, Antioxidants (316, 307b, 392), Mustard Flour, Dehydrated Vegetable, Emulsifier (451), Starter Culture, Fermented Rice, Sodium Nitrite (250), Canola Oil. Smoked. MAY CONTAIN MILK, SOY.
Contains:
MAY CONTAIN MILK, SOY.
Allergen:
May Be Present Milk, May Be Present Soy
Servings Per Pack:
3.0
Storage Instructions:
Keep Refrigerated At 0-4C
Usage Instructions:
Consume Within 5 Days Of Opening. Ready to Eat
Size:
180ge
Preparation Instructions:
Ready to Eat
Code: 3576056P
3 5 7 6 0 5 6 P
Customers also purchased
Primo Prosciutto 100g on special
Primo Prosciutto
100g on special
$6.00
save
$1.50
100g $60.00 per 1Kg
Unit Price
Add
1
for $6.00

Hans Platinum Kabana 300g
Hans Platinum Kabana
300g
$5.90
300g $19.67 per 1Kg
Unit Price
Add
1
for $5.90

Provedore Chorizo Crumb 100g
Provedore Chorizo Crumb
100g
$5.00
100g $50.00 per 1Kg
Unit Price
Add
1
for $5.00"	['/wcsstore/Coles-CAS/images/3/5/7/3576056-th.jpg', '/wcsstore/Coles-CAS/images/3/5/7/3576056_B-th.jpg']
Thomson's Deli	Pepperoni Salami	$ 5 .00	200g	$25.00 per 1Kg	"Nutrition Facts
Serving size: 1 serving = 50g
Qty
Quantity
per serving Qty
Quantity
per 100g / 100ml %
Percentage
daily intake*
Energy 833.8 1667.6 10
Energy Cal 199.47 398.95
Not provided
Protein 10.5 21 21
Total Fat 16.8 33.6 24
Saturated Fat 6.5 13 27
Carbohydrate 1.7 3.4 1
Sodium 705 1410 31
Gluten 0 0
Not provided
*Percentage Daily Intake per serving. Percentage Daily Intakes are based on an average adult diet of 8700 kJ. Your daily intakes may be higher or lower depending on your energy needs.
Disclaimer:
Product details, including nutritional information and country of origin, may change from time to time and so the product you receive in your order may not reflect the information on this page. Please check the packaging on any product you purchase and if it's not what you expected, feel free to return it for a full refund.
Details
Ingredients:
INGREDIENTS: Australian Pork (75%), Australian No Added Hormones Beef(19%), Salt, Spices (Contains Garlic, Pepper, Chilli), Dextrose (Maize or Tapioca), Skimmed Milk Powder, Lactose, Mineral Salt (451), Antioxidant (316), Preservatives (251, 250), Rosemary Extract, Starter Culture, Wood Smoke.
Allergen:
Contains MILK
Servings Per Pack:
4.0
Storage Instructions:
Keep refrigerated. Store at or below 5C.Once opened, consume within 4 days
Code: 3269261P
3 2 6 9 2 6 1 P"	['/wcsstore/Coles-CAS/images/3/2/6/3269261-th.jpg', '/wcsstore/Coles-CAS/images/3/2/6/3269261_B-th.jpg']
Coles	Sliced Peri Peri Roast Chicken Breast	$ 5 .70	150g	$38.00 per 1Kg	"Nutrition Facts
Serving size: 1 serving = 75g
Qty
Quantity
per serving Qty
Quantity
per 100g / 100ml %
Percentage
daily intake*
Energy 383 511 4
Energy Cal 92 122 0
Protein 17.78 23.70 36
Total Fat 1.65 2.20 2
Saturated Fat LESS THAN 1g LESS THAN 1g 3
Carbohydrate 1.1 1.4 0
Sugars 1.05 1.40 1
Dietary Fibre Total 0.30 0.40 1
Sodium 645 860 28
*Percentage Daily Intake per serving. Percentage Daily Intakes are based on an average adult diet of 8700 kJ. Your daily intakes may be higher or lower depending on your energy needs.
Disclaimer:
Product details, including nutritional information and country of origin, may change from time to time and so the product you receive in your order may not reflect the information on this page. Please check the packaging on any product you purchase and if it's not what you expected, feel free to return it for a full refund.
Details
Ingredients:
INGREDIENTS: RSPCA Approved Chicken Breast (75%), Marinade [Water, Dextrose (Corn), Mineral Salt (451), Potato Starch, Salt, Vegetable Powders (Onion, Garlic), Natural Flavouring, Thickener (Carrageenan), Herb Extracts (Rosemary, Oregano, Sage)], Peri Peri Glaze (3%) [Maltodextrin (Corn), Spices (Paprika, Chilli, Cayenne Pepper), Salt, Dehydrated Vegetables (Onion, Garlic), Tomato Powder, Acidity Regulator (Citric Acid), Natural Flavouring, Coriander, Thickener (Xanthan Gum)], Preservative (Sodium Lactate).
Allergen:
May Contain CEREALS CONTAINING GLUTEN, May Contain MILK, May Contain SOY
Servings Per Pack:
2.0
Storage Instructions:
Keep refrigerated. Store at or below 5CrnOnce opened, refrigerate below 5C and use within 2 days., Once opened, refrigerate below 5C and use within 2 days.
Warning:
Food Warnings:rnALL CARE HAS BEEN TAKEN TO REMOVE ALL BONES AND BONE FRAGMENTS, HOWEVER SOME MAY REMAIN.rnrn
Preparation Instructions:
Microwave:rnHow to ReheatBased on a 900Watt microwave:
Place chicken in a microwave safe bowl, cover with cling film and pierce twice.
Heat on HIGH for 40 seconds.
Stir chicken and then re-cover and heat for a further 30 seconds.
Allow to stand for 1 minute prior to serving.This reheat instruction is given as a guide only as appliances vary between brands.CAUTION: PRODUCT WILL BE HOT, TAKE CARE WHEN HANDLING.rnrn
Code: 1962117P
1 9 6 2 1 1 7 P
Customers also purchased
Coles Shredded Roast Chicken Breast 150g everyday product
Coles Shredded Roast Chicken Breast
150g everyday product
$5.70
150g $38.00 per 1Kg
Unit Price
Add
1
for $5.70

Thomson's Deli Shredded Chicken Value Pack 500g
Thomson's Deli Shredded Chicken Value Pack
500g
$6.60
500g $13.20 per 1Kg
Unit Price
Add
1
for $6.60"	['/wcsstore/Coles-CAS/images/1/9/6/1962117-th.jpg', '/wcsstore/Coles-CAS/images/1/9/6/1962117_B-th.jpg']
Thomson's	Deli Shredded Chicken Value Pack	$ 6 .60	500g	$13.20 per 1Kg	"Nutrition Facts
Serving size: 1 serving = 50g
Qty
Quantity
per serving Qty
Quantity
per 100g / 100ml %
Percentage
daily intake*
Energy 287kJ 574kJ 3%
Protein 8.3g 16.6g 17%
Total Fat 3.9g 7.7g 6%
Saturated Fat 1.1g 2.2g 5%
Carbohydrate
Less than
< 1g
Less than
< 1g 1%
Sugars
Less than
< 1g
Less than
< 1g 1%
Sodium 448mg 896mg 19%
*Percentage Daily Intake per serving. Percentage Daily Intakes are based on an average adult diet of 8700 kJ. Your daily intakes may be higher or lower depending on your energy needs.
Disclaimer:
Product details, including nutritional information and country of origin, may change from time to time and so the product you receive in your order may not reflect the information on this page. Please check the packaging on any product you purchase and if it's not what you expected, feel free to return it for a full refund.
Details
Ingredients:
Chicken (82%), Water, Salt, Acidity Regulators (326, 262), Soy Protein, Emulsifiers (451, 450, 508), Maltodextrin, Thickener (407a), Hydrolysed Vegetable Protein, Citrus Fibre, Sugar, Dextrose, Preservative (223) (Sulphites), Yeast Extract, Spices and Herbs, Vegetable Powder, Spice Extracts, Vegetable Oil, Herb Extracts, Natural Colour (160c)
Dietary:
No Artificial Flavours or Colours
Servings Per Pack:
10.0
Storage Instructions:
Keep Refrigerated. Ready to Eat
Dimensions:
210 x 218 x 34mm
Usage Instructions:
Servings per pack: 10, Servings Size: 50 g
Code: 4653935P
4 6 5 3 9 3 5 P
Customers also purchased
Coles Sliced Peri Peri Roast Chicken Breast 150g everyday product
Coles Sliced Peri Peri Roast Chicken Breast
150g everyday product
$5.70
150g $38.00 per 1Kg
Unit Price
Add
1
for $5.70

Coles Shredded Roast Chicken Breast 150g everyday product
Coles Shredded Roast Chicken Breast
150g everyday product
$5.70
150g $38.00 per 1Kg
Unit Price
Add
1
for $5.70"	['/wcsstore/Coles-CAS/images/4/6/5/4653935-th.jpg', '/wcsstore/Coles-CAS/images/4/6/5/4653935_B-th.jpg']
Don	Shaved Turkey	$ 6 .90	170g	$40.59 per 1Kg	"Nutrition Facts
Serving size: 1 serving = 42.5g
Qty
Quantity
per serving Qty
Quantity
per 100g / 100ml %
Percentage
daily intake*
Energy 230kJ 542kJ 3%
Protein 6.2g 14.7g 12%
Total Fat 1.9g 4.5g 3%
Saturated Fat Less than 1g 1.4g 2%
Carbohydrate 3.1g 7.4g 1%
Sugars Less than 1g 2.0g 1%
Sodium 407mg 957mg 18%
Gluten Not Detected Not Detected
Not provided
*Percentage Daily Intake per serving. Percentage Daily Intakes are based on an average adult diet of 8700 kJ. Your daily intakes may be higher or lower depending on your energy needs.
Disclaimer:
Product details, including nutritional information and country of origin, may change from time to time and so the product you receive in your order may not reflect the information on this page. Please check the packaging on any product you purchase and if it's not what you expected, feel free to return it for a full refund.
Details
Ingredients:
TURKEY BREAST, WATER, STARCH (MAIZE), ACIDITY REGULATORS (326, 262, 331), SALT, DEXTROSE (MAIZE), SUGAR, RICE FLOUR, MINERAL SALTS (451, 450), PRESERVATIVE [(223) SULPHITES], ANTIOXIDANT (316), YEAST EXTRACT, CANOLA OIL.
Contains:
CONTAINS SULPHITES
Allergen:
Contains Sulphites
Servings Per Pack:
4.0
Storage Instructions:
KEEP REFRIGERATED AT 0-4C CONSUME WITHIN 5 DAYS OF OPENING READY TO EAT
Size:
170g
Preparation Instructions:
Ready to Eat
Code: 4506409P
4 5 0 6 4 0 9 P
Customers also purchased
Don Shaved Leg Ham 250g
Don Shaved Leg Ham
250g
$6.90
250g $27.60 per 1Kg
Unit Price
Add
1
for $6.90"	['/wcsstore/Coles-CAS/images/4/5/0/4506409-th.jpg', '/wcsstore/Coles-CAS/images/4/5/0/4506409_B-th.jpg']
Thomson's Deli	Danish Salami	$ 5 .00	200g	$25.00 per 1Kg	"Nutrition Facts
Serving size: 1 serving = 50g
Qty
Quantity
per serving Qty
Quantity
per 100g / 100ml %
Percentage
daily intake*
Energy 808.85 1617.7 9
Energy Cal 193.5 387.01
Not provided
Protein 9.55 19.1 19
Total Fat 16.7 33.4 24
Saturated Fat 6.3 12.6 26
Carbohydrate 1.4 2.8 0
Sodium 640 1280 28
Gluten 0 0
Not provided
*Percentage Daily Intake per serving. Percentage Daily Intakes are based on an average adult diet of 8700 kJ. Your daily intakes may be higher or lower depending on your energy needs.
Disclaimer:
Product details, including nutritional information and country of origin, may change from time to time and so the product you receive in your order may not reflect the information on this page. Please check the packaging on any product you purchase and if it's not what you expected, feel free to return it for a full refund.
Details
Ingredients:
INGREDIENTS: Australian Pork (75%), Australian No Added Hormones Beef(18%), Salt, Dextrose (Maize or Tapioca), Skimmed Milk Powder, Spices (Contains Garlic, Pepper, Paprika), Lactose, Mineral Salt (451), Smoke Flavouring, Antioxidant (316), Preservative (250), Starter Culture, Wood Smoke.
Allergen:
Contains MILK
Servings Per Pack:
4.0
Storage Instructions:
Keep refrigerated. Store at or below 5C.Once opened, consume within 4 days.
Code: 7570222P
7 5 7 0 2 2 2 P
Customers also purchased
Thomson's Deli Pepperoni Salami 200g
Thomson's Deli Pepperoni Salami
200g
$5.00
200g $25.00 per 1Kg
Unit Price
Add
1
for $5.00

Coles Hungarian Salami Knob 200g everyday product
Coles Hungarian Salami Knob
200g everyday product
$6.90
200g $34.50 per 1Kg
Unit Price
Add
1
for $6.90

Coles Spicy Chorizo Salami Knob 200g everyday product
Coles Spicy Chorizo Salami Knob
200g everyday product
$6.90
200g $34.50 per 1Kg
Unit Price
Add
1
for $6.90"	['/wcsstore/Coles-CAS/images/7/5/7/7570222-th.jpg', '/wcsstore/Coles-CAS/images/7/5/7/7570222_B-th.jpg']
Thomson's Deli	Ham And Chicken Luncheon	$ 3 .50	1kg	$3.50 per 1Kg	"Nutrition Facts
Serving size: 1 serving = 50g
Qty
Quantity
per serving Qty
Quantity
per 100g / 100ml %
Percentage
daily intake*
Energy 495kJ 992kJ
Not provided
Energy Cal 119Cal 237Cal
Not provided
Protein 6.2g 12.3g
Not provided
Total Fat 9.0g 18.0g
Not provided
Saturated Fat 3.5g 7.0g
Not provided
Carbohydrate 3.4g 6.9g
Not provided
Sugars Less than 1g Less than 1g
Not provided
Sodium 415mg 830mg
Not provided
Gluten 0mg 0mg
Not provided
*Percentage Daily Intake per serving. Percentage Daily Intakes are based on an average adult diet of 8700 kJ. Your daily intakes may be higher or lower depending on your energy needs.
Disclaimer:
Product details, including nutritional information and country of origin, may change from time to time and so the product you receive in your order may not reflect the information on this page. Please check the packaging on any product you purchase and if it's not what you expected, feel free to return it for a full refund.
Details
Ingredients:
Meat including Pork (73%), Water, Premix (Potato Starch, Tapioca Starch, Salt, Modified Starch (1442), Soy Protein, Mineral Salts (451, 341, 450, 452), Dextrose Spices, Antioxidant (316), Sodium Nitrite (250), Fermented Red Rice), Food Acid (325), Sucrose, Smoke Flavours, Vegetable Gum (412_, Anticaking Agent (551), manufactured Meat
Allergen:
Contains Soy
Servings Per Pack:
20.0
Storage Instructions:
Store at 4C or below
Usage Instructions:
Consume within four days of opening the pack.
Size:
1kg
Code: 1026564P
1 0 2 6 5 6 4 P
Customers also purchased
Thomson's Deli Devon 1kg
Thomson's Deli Devon
1kg
$3.30
1kg $3.30 per 1Kg
Unit Price
Add
1
for $3.30"	['/wcsstore/Coles-CAS/images/1/0/2/1026564-th.jpg', '/wcsstore/Coles-CAS/images/1/0/2/1026564_L-th.jpg', '/wcsstore/Coles-CAS/images/1/0/2/1026564_B-th.jpg']
Coles Deli	Pastrami	$ 2 .50	approx. 100g	$25.00 per 1Kg	"Nutrition Facts
Serving size: 1 serving = Approximately 50g
Qty
Quantity
per serving Qty
Quantity
per 100g / 100ml %
Percentage
daily intake*
Energy 213.15 426.3 2
Energy Cal 50.99 101.99
Not provided
Protein 7.95 15.9 16
Total Fat 1.35 2.7 2
Saturated Fat 0.65 1.3 3
Carbohydrate 1.65 3.3 1
Sodium 521 1042 23
*Percentage Daily Intake per serving. Percentage Daily Intakes are based on an average adult diet of 8700 kJ. Your daily intakes may be higher or lower depending on your energy needs.
Disclaimer:
Product details, including nutritional information and country of origin, may change from time to time and so the product you receive in your order may not reflect the information on this page. Please check the packaging on any product you purchase and if it's not what you expected, feel free to return it for a full refund.
Details
Ingredients:
INGREDIENTS: Coles HGP Free Beef (75%), Water, Pastrami Rub [Spices, Rice Flour], Acidity Regulators (326, 325, 262), Cure [Sugar, Mineral Salt (450, 451), Dextrose (Maize or Tapioca), Salt, Antioxidant (316), Preservative (250)], Salt.
Servings Per Pack:
20.0
Storage Instructions:
Keep refrigerated. Store at or below 5C
Code: 1472617P
1 4 7 2 6 1 7 P
Customers also purchased
Coles Silverside approx. 100g
Coles Silverside
approx. 100g
$2.50
approx. 100g $25.00 per 1Kg
Unit Price
Price is an estimate
Add
100g
for $2.50

Coles Deli Roast Beef approx. 100g on special
Coles Deli Roast Beef
approx. 100g on special
$2.95
save
$0.55
approx. 100g $29.50 per 1Kg
Unit Price
Price is an estimate
Add
100g
for $2.95

Casalingo New York Style Brisket Pastrami approx. 100g
Casalingo New York Style Brisket Pastrami
approx. 100g
$3.65
approx. 100g $36.50 per 1Kg
Unit Price
Price is an estimate
Add
100g
for $3.65"	[]
Don	RSPCA Approved Chicken Breast	$ 6 .90	180g	$38.34 per 1Kg	"Nutrition Facts
Serving size: 1 serving = 60g
Qty
Quantity
per serving Qty
Quantity
per 100g / 100ml %
Percentage
daily intake*
Energy 264kJ 440kJ 3.0%
Protein 8.6g 14.3g 17.0%
Total Fat 2.2g 3.7g 3.0%
Saturated Fat Less than 1g 1.1g 3.0%
Carbohydrate 2.2g 3.6g 1.0%
Sugars Less than 1g Less than 1g Less than 1%
Sodium 606mg 1010mg 26.0%
Gluten Not Detected Not Detected
Not provided
*Percentage Daily Intake per serving. Percentage Daily Intakes are based on an average adult diet of 8700 kJ. Your daily intakes may be higher or lower depending on your energy needs.
Disclaimer:
Product details, including nutritional information and country of origin, may change from time to time and so the product you receive in your order may not reflect the information on this page. Please check the packaging on any product you purchase and if it's not what you expected, feel free to return it for a full refund.
Details
Ingredients:
RSPCA APPROVED CHICKEN BREAST, WATER, STARCH (TAPIOCA, POTATO), SALT, ACIDITY REGULATORS (326, 262), VEGETABLE GUM (407a), MINERAL SALTS (451, 508, 450), YEAST EXTRACT, MALTODEXTRIN (MAIZE, POTATO), SUGAR, SPICES AND HERBS, DEHYDRATED VEGETABLE, FLAVOURS, SPICE (160c) AND HERB EXTRACT, VEGETABLE OILS (CANOLA, RICE BRAN), COLOURS (SORGHUM HUSK EXTRACT, 160b).
Environmental:
RSPCA Approved
Dietary:
No Artificial Flavours or Colours
Servings Per Pack:
3.0
Storage Instructions:
Keep Refrigerated At 0-4C
Usage Instructions:
Ready to Eat Consume Within 5 Days Of Opening
Size:
180g
Preparation Instructions:
Ready to Eat
Code: 3583200P
3 5 8 3 2 0 0 P
Customers also purchased
Coles Sliced Peri Peri Roast Chicken Breast 150g everyday product
Coles Sliced Peri Peri Roast Chicken Breast
150g everyday product
$5.70
150g $38.00 per 1Kg
Unit Price
Add
1
for $5.70

Coles Shredded Roast Chicken Breast 150g everyday product
Coles Shredded Roast Chicken Breast
150g everyday product
$5.70
150g $38.00 per 1Kg
Unit Price
Add
1
for $5.70"	['/wcsstore/Coles-CAS/images/3/5/8/3583200-th.jpg', '/wcsstore/Coles-CAS/images/3/5/8/3583200_B-th.jpg']
Don	Crafted Cuts Hardwood Double Smoked Leg Ham	$ 4 .50	100g	$45.00 per 1Kg	"Nutrition Facts
Serving size: 1 serving = 50g
Qty
Quantity
per serving Qty
Quantity
per 100g / 100ml %
Percentage
daily intake*
Energy 212kJ 423kJ 2%
Protein 7.8g 15.6g 16%
Total Fat 1.6g 3.1g 2%
Saturated Fat Less than 1g 3.1g 2%
Carbohydrate 1.4g 2.7g Less than 1%
Sugars Less than 1g 1.6g 1%
Sodium 510mg 1020mg 22%
*Percentage Daily Intake per serving. Percentage Daily Intakes are based on an average adult diet of 8700 kJ. Your daily intakes may be higher or lower depending on your energy needs.
Disclaimer:
Product details, including nutritional information and country of origin, may change from time to time and so the product you receive in your order may not reflect the information on this page. Please check the packaging on any product you purchase and if it's not what you expected, feel free to return it for a full refund.
Details
Ingredients:
PORK, WATER, SALT, ACIDITY REGULATORS (326, 262, 330), SUGAR, EMULSIFIER (451), DEXTROSE (MAIZE), ANTIOXIDANT (316), HYDROLYSED VEGETABLE PROTEIN (MAIZE), YEAST EXTRACT, SMOKE FLAVOUR [SMOKE FLAVOUR, WATER, COLOUR (150a), EMULSIFIER (433), ACIDITY REGULATOR (260)], SODIUM NITRITE (250), THICKENER (415). SMOKED MAY CONTAIN TRACES OF SOY.
Allergen:
May Be Present Soy
Servings Per Pack:
2.0
Storage Instructions:
KEEP REFRIGERATED AT 0-4C CONSUME WITHIN 5 DAYS OF OPENING READY TO EAT
Usage Instructions:
na
Size:
100g
Code: 4253198P
4 2 5 3 1 9 8 P
Customers also purchased
Coles Australian Made Free Range Triple Smoked Leg Ham 140g on special
Coles Australian Made Free Range Triple Smoked Leg Ham
140g on special
$6.00
save
$1.80
140g $42.86 per 1Kg
Unit Price
Add
1
for $6.00

Don Crafted Cuts Grass Fed Roast Beef 100g
Don Crafted Cuts Grass Fed Roast Beef
100g
$4.50
100g $45.00 per 1Kg
Unit Price
Add
1
for $4.50"	['/wcsstore/Coles-CAS/images/4/2/5/4253198-th.jpg', '/wcsstore/Coles-CAS/images/4/2/5/4253198_L-th.jpg', '/wcsstore/Coles-CAS/images/4/2/5/4253198_B-th.jpg']
Coles	Hungarian Salami Knob	$ 6 .90	200g	$34.50 per 1Kg	"Nutrition Facts
Serving size: 1 serving = 50g
Qty
Quantity
per serving Qty
Quantity
per 100g / 100ml %
Percentage
daily intake*
Energy 763 1530 9
Energy Cal 183 365 0
Protein 8.9 17.8 18
Total Fat 15.7 31.3 22
Saturated Fat 10.60 21.20 44
Trans LESS THAN 0.1g LESS THAN 0.1g 0
Carbohydrate 1.80 3.60 1
Sugars 0.31 0.61 0
Dietary Fibre Total 0.25 0.50 1
Sodium 655 1310 28
Gluten NOT DETECTED NOT DETECTED 0
*Percentage Daily Intake per serving. Percentage Daily Intakes are based on an average adult diet of 8700 kJ. Your daily intakes may be higher or lower depending on your energy needs.
Disclaimer:
Product details, including nutritional information and country of origin, may change from time to time and so the product you receive in your order may not reflect the information on this page. Please check the packaging on any product you purchase and if it's not what you expected, feel free to return it for a full refund.
Details
Ingredients:
INGREDIENTS: Australian Sow Stall Free Pork (75%), Australian No Added Hormones Beef (18%), Salt, Dextrose (Maize or Tapioca), Skim Milk Powder, Spices (Black Pepper, Paprika), Lactose (Milk), Antioxidant (316), Rice Flour, Garlic, Starter Culture, Preservative (250), Fortified Wine, Smoke Flavour, Wood Smoke.
Allergen:
Contains MILK
Servings Per Pack:
4.0
Storage Instructions:
Keep refrigerated. Store at or below 5CrnOnce opened, consume within 4 days
Preparation Instructions:
Remove casing prior to consumption rnrn
Code: 3269250P
3 2 6 9 2 5 0 P
Customers also purchased
Thomson's Deli Danish Salami 200g
Thomson's Deli Danish Salami
200g
$5.00
200g $25.00 per 1Kg
Unit Price
Add
1
for $5.00

Hans Platinum Kabana 300g
Hans Platinum Kabana
300g
$5.90
300g $19.67 per 1Kg
Unit Price
Add
1
for $5.90

Coles Spicy Chorizo Salami Knob 200g everyday product
Coles Spicy Chorizo Salami Knob
200g everyday product
$6.90
200g $34.50 per 1Kg
Unit Price
Add
1
for $6.90"	['/wcsstore/Coles-CAS/images/3/2/6/3269250-th.jpg', '/wcsstore/Coles-CAS/images/3/2/6/3269250_L-th.jpg', '/wcsstore/Coles-CAS/images/3/2/6/3269250_B-th.jpg']
Don	Crafted Cuts Grass Fed Roast Beef	$ 4 .50	100g	$45.00 per 1Kg	"Nutrition Facts
Serving size: 1 serving = 50g
Qty
Quantity
per serving Qty
Quantity
per 100g / 100ml %
Percentage
daily intake*
Energy 369kJ 737kJ 4%
Protein 10.2g 20.3g 20%
Total Fat 5.1g 10.2g 7%
Saturated Fat 2.6g 5.2g 11%
Carbohydrate Less than 1g Less than 1g Less than 1%
Sugars Less than 1g Less than 1g 1%
Sodium 320mg 640mg 14%
*Percentage Daily Intake per serving. Percentage Daily Intakes are based on an average adult diet of 8700 kJ. Your daily intakes may be higher or lower depending on your energy needs.
Disclaimer:
Product details, including nutritional information and country of origin, may change from time to time and so the product you receive in your order may not reflect the information on this page. Please check the packaging on any product you purchase and if it's not what you expected, feel free to return it for a full refund.
Details
Ingredients:
GRASS FED BEEF, WATER, SALT, ACIDITY REGULATORS (326, 262), SOY PROTEIN, SUGAR, EMULSIFIERS (451, 450, 452), MALTODEXTRIN (MAIZE), HYDROLYSED VEGETABLE PROTEIN (MAIZE), COLOURS (150d, 100), HERBS AND SPICES, DEHYDRATED VEGETABLES, YEAST EXTRACT, FLAVOURS, CANOLA OIL, SPICE EXTRACTS. CONTAINS SOY.
Allergen:
Contains Soy
Servings Per Pack:
2.0
Storage Instructions:
KEEP REFRIGERATED AT 0-4C CONSUME WITHIN 5 DAYS OF OPENING READY TO EAT
Code: 4253278P
4 2 5 3 2 7 8 P
Customers also purchased
Coles Australian Made Free Range Triple Smoked Leg Ham 140g on special
Coles Australian Made Free Range Triple Smoked Leg Ham
140g on special
$6.00
save
$1.80
140g $42.86 per 1Kg
Unit Price
Add
1
for $6.00

Don Crafted Cuts Hardwood Double Smoked Leg Ham 100g
Don Crafted Cuts Hardwood Double Smoked Leg Ham
100g
$4.50
100g $45.00 per 1Kg
Unit Price
Add
1
for $4.50"	['/wcsstore/Coles-CAS/images/4/2/5/4253278-th.jpg', '/wcsstore/Coles-CAS/images/4/2/5/4253278_L-th.jpg', '/wcsstore/Coles-CAS/images/4/2/5/4253278_B-th.jpg']
Vegemite	Spread	$ 9 .00	560g	$1.61 per 100G	"Nutrition Facts
Serving size: 1 serving = 5g
Qty
Quantity
per serving Qty
Quantity
per 100g / 100ml %
Percentage
daily intake*
Energy 36kJ 729kJ
Less than
< 1%
Protein 1.3g 25.9g 3%
Total Fat
Less than
< 1.0g
Less than
< 1.0g
Less than
< 1%
Saturated Fat
Less than
< 1.0g
Less than
< 1.0g
Less than
< 1%
Carbohydrate
Less than
< 1.0g 11.1g
Less than
< 1%
Sugars
Less than
< 1.0g 2.4g
Less than
< 1%
Dietary Fibre Total 0.4g 8.4g 1%
Sodium 165mg 3300mg 7%
Folic Acid 100ug 2000ug 50%
Vitamin B1 0.55mg 11mg 50%
Vitamin B2 0.43mg 8.6mg 25%
Vitamin B3 2.5mg 50mg 25%
*Percentage Daily Intake per serving. Percentage Daily Intakes are based on an average adult diet of 8700 kJ. Your daily intakes may be higher or lower depending on your energy needs.
Disclaimer:
Product details, including nutritional information and country of origin, may change from time to time and so the product you receive in your order may not reflect the information on this page. Please check the packaging on any product you purchase and if it's not what you expected, feel free to return it for a full refund.
Details
Ingredients:
Yeast Extract (from Yeast Grown on Barley and Wheat), Salt, Mineral Salt (508), Malt Extract (from Barley), Colour (150c), Flavours, Niacin, Thiamine, Riboflavin, Folate.
Contains:
Barley and Wheat.
Allergen:
Contains Barley, Contains Wheat
Servings Per Pack:
112.0
Storage Instructions:
Store in a cool, dry place.
Size:
560g
Code: 6027622P
6 0 2 7 6 2 2 P
Customers also purchased
Bega Smooth Peanut Butter 780g
Bega Smooth Peanut Butter
780g
$7.50
Until 02 May 2023
780g $0.96 per 100G
Unit Price
Add
1
for $7.50

Coles Cream Cheese Spread 245g
Coles Cream Cheese Spread
245g
$2.90
Until 02 May 2023
245g $11.84 per 1Kg
Unit Price
Add
1
for $2.90

Vegemite Gluten Free Spread 235g
Vegemite Gluten Free Spread
235g
$5.20
235g $2.21 per 100G
Unit Price
Add
1
for $5.20

Bega Simply Nuts Crunchy Peanut Butter 650g
Bega Simply Nuts Crunchy Peanut Butter
650g
$8.50
Until 02 May 2023
650g $1.31 per 100G
Unit Price
Add
1
for $8.50"	['/wcsstore/Coles-CAS/images/6/0/2/6027622-th.jpg', '/wcsstore/Coles-CAS/images/6/0/2/6027622_L-th.jpg', '/wcsstore/Coles-CAS/images/6/0/2/6027622_B-th.jpg']
Vegemite	Spread	$ 7 .00	380g	$1.84 per 100G	"Nutrition Facts
Serving size: 1 serving = 5g
Qty
Quantity
per serving Qty
Quantity
per 100g / 100ml %
Percentage
daily intake*
Energy 36kJ 729kJ
Less than
< 1%
Protein 1.3g 25.9g 3%
Total Fat
Less than
< 1.0g
Less than
< 1.0g
Less than
< 1%
Saturated Fat
Less than
< 1.0g
Less than
< 1.0g
Less than
< 1%
Carbohydrate
Less than
< 1.0g 11.1g
Less than
< 1%
Sugars
Less than
< 1.0g 2.4g
Less than
< 1%
Dietary Fibre Total 0.4g 8.4g 1%
Sodium 165mg 3300mg 7%
Folic Acid 100ug 2000ug 50%
Vitamin B1 0.55mg 11mg 50%
Vitamin B2 0.43mg 8.6mg 25%
Vitamin B3 2.5mg 50mg 25%
*Percentage Daily Intake per serving. Percentage Daily Intakes are based on an average adult diet of 8700 kJ. Your daily intakes may be higher or lower depending on your energy needs.
Disclaimer:
Product details, including nutritional information and country of origin, may change from time to time and so the product you receive in your order may not reflect the information on this page. Please check the packaging on any product you purchase and if it's not what you expected, feel free to return it for a full refund.
Details
Ingredients:
Yeast Extract (from Yeast Grown on Barley and Wheat), Salt, Mineral Salt (508), Malt Extract (from Barley), Colour (150c), Flavours, Niacin, Thiamine, Riboflavin, Folate.
Contains:
Barley and Wheat.
Allergen:
Contains Barley, Contains Wheat
Servings Per Pack:
76.0
Storage Instructions:
Store in a cool, dry place.
Size:
380g
Code: 5998852P
5 9 9 8 8 5 2 P
Customers also purchased
Bega Light Smooth Peanut Butter 470g
Bega Light Smooth Peanut Butter
470g
$6.40
470g $1.36 per 100G
Unit Price
Add
1
for $6.40

Bega Peanut Butter Smooth 375g
Bega Peanut Butter Smooth
375g
$5.40
375g $1.44 per 100G
Unit Price
Add
1
for $5.40

Bega Cream Cheese Spread Original 500g everyday product
Bega Cream Cheese Spread Original
500g everyday product
$7.00
500g $14.00 per 1Kg
Unit Price
Add
1
for $7.00

Coles Smooth Peanut Butter 500g
Coles Smooth Peanut Butter
500g
$3.50
Until 02 May 2023
500g $0.70 per 100G
Unit Price
Add
1
for $3.50"	['/wcsstore/Coles-CAS/images/5/9/9/5998852-th.jpg', '/wcsstore/Coles-CAS/images/5/9/9/5998852_L-th.jpg', '/wcsstore/Coles-CAS/images/5/9/9/5998852_B-th.jpg']
Vegemite	Spread	$ 4 .70	220g	$2.14 per 100G	"Nutrition Facts
Serving size: 1 serving = 5g
Qty
Quantity
per serving Qty
Quantity
per 100g / 100ml %
Percentage
daily intake*
Energy 36kJ 729kJ
Less than
< 1%
Protein 1.3g 25.9g 3%
Total Fat
Less than
< 1.0g
Less than
< 1.0g
Less than
< 1%
Saturated Fat
Less than
< 1.0g
Less than
< 1.0g
Less than
< 1%
Carbohydrate
Less than
< 1.0g 11.1g
Less than
< 1%
Sugars
Less than
< 1.0g 2.4g
Less than
< 1%
Dietary Fibre Total 0.4g 8.4g 1%
Sodium 165mg 3300mg 7%
Folic Acid 100ug 2000ug 50%
Vitamin B1 0.55mg 11mg 50%
Vitamin B2 0.43mg 8.6mg 25%
Vitamin B3 2.5mg 50mg 25%
*Percentage Daily Intake per serving. Percentage Daily Intakes are based on an average adult diet of 8700 kJ. Your daily intakes may be higher or lower depending on your energy needs.
Disclaimer:
Product details, including nutritional information and country of origin, may change from time to time and so the product you receive in your order may not reflect the information on this page. Please check the packaging on any product you purchase and if it's not what you expected, feel free to return it for a full refund.
Details
Ingredients:
Concentrated Yeast Extract. Yeast Extract (from Yeast grown on Barley and Wheat), Salt, Mineral Salt (508), Malt Extract (from Barley), Colour (150c), Flavours, Niacin, Thiamine, Riboflavin, Folate.
Contains:
Barley and Wheat.
Allergen:
Contains Barley, Contains Wheat
Servings Per Pack:
44.0
Storage Instructions:
Store in a cool, dry place.
Size:
220g
Code: 6032906P
6 0 3 2 9 0 6 P
Customers also purchased
Peck's Salmon & Lobster Spread 50g on special
Peck's Salmon & Lobster Spread
50g on special
buy any 2 for $4.50
Any 2
$ 4 .50
regular price
$2.50 ea
each
50g $5.00 per 100G
Unit Price
Pick any 2 for $4.50 ...

Bega Peanut Butter Smooth 375g
Bega Peanut Butter Smooth
375g
$5.40
375g $1.44 per 100G
Unit Price
Add
1
for $5.40

Bega Original Cream Cheese Spread 250g
Bega Original Cream Cheese Spread
250g
$4.10
250g $16.40 per 1Kg
Unit Price
Add
1
for $4.10

Mayver's Crunchy Natural Peanut Butter 375g
Mayver's Crunchy Natural Peanut Butter
375g
$5.80
375g $1.55 per 100G
Unit Price
Add
1
for $5.80"	['/wcsstore/Coles-CAS/images/6/0/3/6032906-th.jpg', '/wcsstore/Coles-CAS/images/6/0/3/6032906_L-th.jpg', '/wcsstore/Coles-CAS/images/6/0/3/6032906_B-th.jpg']
Bega	Crunchy Peanut Butter	$ 5 .40	375g	$1.44 per 100G	"Nutrition Facts
Serving size: 1 serving = 22g ( 1 Tablespoon)
Qty
Quantity
per serving Qty
Quantity
per 100g / 100ml %
Percentage
daily intake*
Energy 568kJ 2580kJ 7%
Protein 5.2g 23.7g 10%
Total Fat 11.3g 51.3g 16%
Saturated Fat 2.3g 10.3g 10%
Trans
Less than
< 1.0g
Less than
< 1.0g
Not provided
Polyunsaturated
Less than
< 1.0g 4.2g
Not provided
Mono Unsaturated 8.1g 36.7g
Not provided
Carbohydrate 3.0g 13.4g 1%
Sugars 1.9g 8.4g 2%
Sodium 127mg 578mg 6%
Gluten Not Detected Not Detected
Not provided
Vitamin B3 2.4mg 11mg 24%
Magnesium 40mg 180mg 13%
*Percentage Daily Intake per serving. Percentage Daily Intakes are based on an average adult diet of 8700 kJ. Your daily intakes may be higher or lower depending on your energy needs.
Disclaimer:
Product details, including nutritional information and country of origin, may change from time to time and so the product you receive in your order may not reflect the information on this page. Please check the packaging on any product you purchase and if it's not what you expected, feel free to return it for a full refund.
Details
Ingredients:
Roasted Peanuts (85%), Vegetable Oil (Contains Antioxidant (320)), Sugar, Salt.
Contains:
Peanuts
Allergen:
Contains Peanuts
Dietary:
No Preservatives
Servings Per Pack:
17.0
Storage Instructions:
Store in a cool, dry place.
Size:
375g
Code: 130629P
1 3 0 6 2 9 P
Customers also purchased
Vegemite Spread 220g
Vegemite Spread
220g
$4.70
220g $2.14 per 100G
Unit Price
Add
1
for $4.70

Vegemite Spread 380g
Vegemite Spread
380g
$7.00
380g $1.84 per 100G
Unit Price
Add
1
for $7.00

Promite Spread 290g
Promite Spread
290g
$5.30
290g $1.83 per 100G
Unit Price
Add
1
for $5.30

Bega Peanut Butter Smooth 375g
Bega Peanut Butter Smooth
375g
$5.40
375g $1.44 per 100G
Unit Price
Add
1
for $5.40"	['/wcsstore/Coles-CAS/images/1/3/0/130629-th.jpg', '/wcsstore/Coles-CAS/images/1/3/0/130629_B-th.jpg']
Bega	Smooth Peanut Butter	$ 6 .40	470g	$1.36 per 100G	"Nutrition Facts
Serving size: 1 serving = 22g ( 1 Tablespoon)
Qty
Quantity
per serving Qty
Quantity
per 100g / 100ml %
Percentage
daily intake*
Energy 578kJ 2630kJ 7%
Protein 5.2g 23.8g 10%
Total Fat 11.3g 51.5g 16%
Saturated Fat 2.3g 10.3g 10%
Trans
Less than
< 1.0g
Less than
< 1.0g
Not provided
Polyunsaturated
Less than
< 1.0g 4.2g
Not provided
Mono Unsaturated 8.1g 36.9g
Not provided
Carbohydrate 2.9g 132g 1%
Sugars 1.8g 8.0g 2%
Sodium 127mg 576mg 6%
Gluten Not Detected Not Detected
Not provided
Vitamin B3 2.4mg 11mg 24%
Magnesium 40mg 180mg 13%
*Percentage Daily Intake per serving. Percentage Daily Intakes are based on an average adult diet of 8700 kJ. Your daily intakes may be higher or lower depending on your energy needs.
Disclaimer:
Product details, including nutritional information and country of origin, may change from time to time and so the product you receive in your order may not reflect the information on this page. Please check the packaging on any product you purchase and if it's not what you expected, feel free to return it for a full refund.
Details
Ingredients:
Roasted Peanuts (85%), Vegetable Oil (Contains Antioxidant (320)), Sugar, Salt.
Contains:
Peanuts.
Allergen:
Contains Peanuts
Dietary:
No Preservatives
Servings Per Pack:
21.4
Storage Instructions:
Store in a cool, dry place.
Size:
470g
Code: 5398753P
5 3 9 8 7 5 3 P"	['/wcsstore/Coles-CAS/images/5/3/9/5398753-th.jpg', '/wcsstore/Coles-CAS/images/5/3/9/5398753_B-th.jpg']
Nutella	Hazelnut Chocolate Spread	$ 9 .75	750g	$1.30 per 100G	"Disclaimer:
Product details, including nutritional information and country of origin, may change from time to time and so the product you receive in your order may not reflect the information on this page. Please check the packaging on any product you purchase and if it's not what you expected, feel free to return it for a full refund.
Details
Country of Origin:
Made in Australia
Size:
750g
Code: 6690772P
6 6 9 0 7 7 2 P
Customers also purchased
Nutella Hazelnut Chocolate Spread 12 pack 180g on special
Nutella Hazelnut Chocolate Spread 12 pack
180g on special
$3.70
save
$1.25
180g $2.06 per 100G
Unit Price
Add
1
for $3.70

Nutella Go Hazelnut Spread With Cocoa Breadsticks Multipack 48g 4 pack
Nutella Go Hazelnut Spread With Cocoa Breadsticks Multipack 48g
4 pack
$9.00
4 pack $4.69 per 100G
Unit Price
Add
1
for $9.00

Lotus Biscoff Spread 400g
Lotus Biscoff Spread
400g
$6.50
400g $1.63 per 100G
Unit Price
Add
1
for $6.50"	['/wcsstore/Coles-CAS/images/6/6/9/6690772-th.jpg', '/wcsstore/Coles-CAS/images/6/6/9/6690772_B-th.jpg']
Bega	Smooth Peanut Butter	$ 7 .50	780g	$0.96 per 100G	"Nutrition Facts
Serving size: 1 serving = 22g (1 Tablespoon)
Qty
Quantity
per serving Qty
Quantity
per 100g / 100ml %
Percentage
daily intake*
Energy 570kJ 2590kJ 7%
Protein 5.2g 23.8g 10%
Total Fat 11.3g 51.5g 16%
Saturated Fat 2.3g 10.3g 10%
Trans
Less than
< 1.0g
Less than
< 1.0g
Not provided
Polyunsaturated 1.2g 5.4g
Not provided
Mono Unsaturated 7.9g 35.7g
Not provided
Carbohydrate 2.9g 13.2g 1%
Sugars 1.9g 8.5g 2%
Sodium 127mg 576mg 6%
Gluten Not Detected Not Detected
Not provided
Vitamin B3 2.4mg 11mg 24%
Magnesium 40mg 180mg 13%
*Percentage Daily Intake per serving. Percentage Daily Intakes are based on an average adult diet of 8700 kJ. Your daily intakes may be higher or lower depending on your energy needs.
Disclaimer:
Product details, including nutritional information and country of origin, may change from time to time and so the product you receive in your order may not reflect the information on this page. Please check the packaging on any product you purchase and if it's not what you expected, feel free to return it for a full refund.
Details
Ingredients:
Roasted Peanuts (85%), Vegetable Oil (Contains Antioxidant (320)), Sugar, Salt.
Contains:
Peanuts.
Allergen:
Contains Peanuts
Dietary:
No Preservatives, No Artificial Flavours or Colours
Servings Per Pack:
35.5
Storage Instructions:
Store in a cool, dry place.
Size:
780g
Warning:
Australians eat more peanuts than our local industry can supply! We're currently working with our Aussie farmers to grow more peanuts.
Code: 136705P
1 3 6 7 0 5 P
Customers also purchased
Vegemite Spread 560g
Vegemite Spread
560g
$9.00
560g $1.61 per 100G
Unit Price
Add
1
for $9.00

Bega Peanut Butter Crunchy 780g
Bega Peanut Butter Crunchy
780g
$7.50
Until 02 May 2023
780g $0.96 per 100G
Unit Price
Add
1
for $7.50"	['/wcsstore/Coles-CAS/images/1/3/6/136705-th.jpg', '/wcsstore/Coles-CAS/images/1/3/6/136705_B-th.jpg']
Nutella	Hazelnut Spread With Cocoa	$ 11 .00	1kg	$1.10 per 100G	"Disclaimer:
Product details, including nutritional information and country of origin, may change from time to time and so the product you receive in your order may not reflect the information on this page. Please check the packaging on any product you purchase and if it's not what you expected, feel free to return it for a full refund.
Details
Country of Origin:
MADE IN AUSTRALIA
Size:
1kg
Code: 2620684P
2 6 2 0 6 8 4 P
Customers also purchased
Nutella Hazelnut Chocolate Spread 12 pack 180g on special
Nutella Hazelnut Chocolate Spread 12 pack
180g on special
$3.70
save
$1.25
180g $2.06 per 100G
Unit Price
Add
1
for $3.70

Nutella Go Hazelnut Spread With Cocoa Breadsticks Multipack 48g 4 pack
Nutella Go Hazelnut Spread With Cocoa Breadsticks Multipack 48g
4 pack
$9.00
4 pack $4.69 per 100G
Unit Price
Add
1
for $9.00

Lotus Biscoff Spread 400g
Lotus Biscoff Spread
400g
$6.50
400g $1.63 per 100G
Unit Price
Add
1
for $6.50

Lotus Biscoff Crunchy Spread 380g
Lotus Biscoff Crunchy Spread
380g
$6.50
380g $1.71 per 100G
Unit Price
Add
1
for $6.50"	['/wcsstore/Coles-CAS/images/2/6/2/2620684-th.jpg', '/wcsstore/Coles-CAS/images/2/6/2/2620684_L-th.jpg', '/wcsstore/Coles-CAS/images/2/6/2/2620684_R-th.jpg', '/wcsstore/Coles-CAS/images/2/6/2/2620684_B-th.jpg']
Bega	Crunchy Peanut Butter	$ 6 .40	470g	$1.36 per 100G	"Nutrition Facts
Serving size: 1 serving = 22g ( 1 Tablespoon)
Qty
Quantity
per serving Qty
Quantity
per 100g / 100ml %
Percentage
daily intake*
Energy 576kJ 2620kJ 7%
Protein 5.2g 23.7g 10%
Total Fat 11.3g 51.3g 16%
Saturated Fat 2.3g 10.2g 10%
Trans
Less than
< 1.0g
Less than
< 1.0g
Not provided
Polyunsaturated
Less than
< 1.0g 4.2g
Not provided
Mono Unsaturated 8.1g 36.7g
Not provided
Carbohydrate 3.0g 13.4g 1%
Sugars 1.8g 8.1g 2%
Sodium 127mg 578mg 6%
Gluten Not Detected Not Detected
Not provided
Vitamin B3 2.4mg 11mg 24%
Magnesium 40mg 180mg 13%
*Percentage Daily Intake per serving. Percentage Daily Intakes are based on an average adult diet of 8700 kJ. Your daily intakes may be higher or lower depending on your energy needs.
Disclaimer:
Product details, including nutritional information and country of origin, may change from time to time and so the product you receive in your order may not reflect the information on this page. Please check the packaging on any product you purchase and if it's not what you expected, feel free to return it for a full refund.
Details
Ingredients:
Roasted Peanuts (85%), Vegetable Oil (Contains Antioxidant (320)), Sugar, Salt.
Contains:
Peanuts
Allergen:
Contains Peanuts
Dietary:
No Preservatives
Servings Per Pack:
21.4
Storage Instructions:
Store in a cool, dry place.
Size:
470g
Code: 5390911P
5 3 9 0 9 1 1 P
Customers also purchased
Bega Smooth Peanut Butter 470g
Bega Smooth Peanut Butter
470g
$6.40
470g $1.36 per 100G
Unit Price
Add
1
for $6.40

Vegemite Spread 560g
Vegemite Spread
560g
$9.00
560g $1.61 per 100G
Unit Price
Add
1
for $9.00

Bega Original Cream Cheese Spread 250g
Bega Original Cream Cheese Spread
250g
$4.10
250g $16.40 per 1Kg
Unit Price
Add
1
for $4.10

Bega Peanut Butter Crunchy 200g
Bega Peanut Butter Crunchy
200g
$3.50
200g $1.75 per 100G
Unit Price
Add
1
for $3.50"	['/wcsstore/Coles-CAS/images/5/3/9/5390911-th.jpg', '/wcsstore/Coles-CAS/images/5/3/9/5390911_B-th.jpg']
Bega	Peanut Butter Crunchy	$ 7 .50	780g	$0.96 per 100G	"Nutrition Facts
Serving size: 1 serving = 22g (1 Tablespoon)
Qty
Quantity
per serving Qty
Quantity
per 100g / 100ml %
Percentage
daily intake*
Energy 568kJ 2580kJ 7%
Protein 5.2g 23.7g 10%
Total Fat 11.3g 51.3g 16%
Saturated Fat 2.3g 10.3g 10%
Trans
Less than
< 1.0g
Less than
< 1.0g
Not provided
Polyunsaturated 1.1g 5.2g
Not provided
Mono Unsaturated 7.9g 35.7g
Not provided
Carbohydrate 3.0g 13.4g 1%
Sugars 1.9g 8.4g 2%
Sodium 127mg 578mg 6%
Gluten Not detected Not detected
Not provided
Vitamin B3 2.4mg 11mg 24%
Magnesium 40mg 180mg 13%
*Percentage Daily Intake per serving. Percentage Daily Intakes are based on an average adult diet of 8700 kJ. Your daily intakes may be higher or lower depending on your energy needs.
Disclaimer:
Product details, including nutritional information and country of origin, may change from time to time and so the product you receive in your order may not reflect the information on this page. Please check the packaging on any product you purchase and if it's not what you expected, feel free to return it for a full refund.
Details
Ingredients:
Roasted Peanuts (85%), Vegetable Oil (Contains Antioxidant (320)), Sugar, Salt.
Contains:
Peanuts.
Allergen:
Contains Peanuts
Dietary:
No Preservatives, No Artificial Flavours or Colours
Servings Per Pack:
35.5
Storage Instructions:
Store in a cool, dry place.
Size:
780g
Warning:
Australians eat more peanuts than our local industry can supply! We're currently working with our Aussie farmers to grow more peanuts.
Code: 133820P
1 3 3 8 2 0 P
Customers also purchased
Bel The Laughing Cow Cheese Portions Original 240g
Bel The Laughing Cow Cheese Portions Original
240g
$7.80
240g $32.50 per 1Kg
Unit Price
Add
1
for $7.80

Vegemite Spread 560g
Vegemite Spread
560g
$9.00
560g $1.61 per 100G
Unit Price
Add
1
for $9.00

Bega Smooth Peanut Butter 780g
Bega Smooth Peanut Butter
780g
$7.50
Until 02 May 2023
780g $0.96 per 100G
Unit Price
Add
1
for $7.50

Promite Spread 290g
Promite Spread
290g
$5.30
290g $1.83 per 100G
Unit Price
Add
1
for $5.30"	['/wcsstore/Coles-CAS/images/1/3/3/133820-th.jpg', '/wcsstore/Coles-CAS/images/1/3/3/133820_B-th.jpg']
Bega	Peanut Butter Smooth	$ 5 .40	375g	$1.44 per 100G	"Nutrition Facts
Serving size: 1 serving = 22g (1 Tablespoon)
Qty
Quantity
per serving Qty
Quantity
per 100g / 100ml %
Percentage
daily intake*
Energy 570kJ 2590kJ 7%
Protein 5.2g 23.8g 10%
Total Fat 11.3g 51.5g 16%
Saturated Fat 2.3g 10.3g 10%
Trans
Less than
< 1.0g
Less than
< 1.0g
Not provided
Polyunsaturated
Less than
< 1.0g 4.2g
Not provided
Mono Unsaturated 8.1g 36.9g
Not provided
Carbohydrate 2.9g 13.2g 1%
Sugars 1.9g 8.5g 2%
Sodium 127mg 576mg 6%
Gluten Not Detected Not Detected
Not provided
Vitamin B3 2.4mg 11mg 24%
Magnesium 40mg 180mg 13%
*Percentage Daily Intake per serving. Percentage Daily Intakes are based on an average adult diet of 8700 kJ. Your daily intakes may be higher or lower depending on your energy needs.
Disclaimer:
Product details, including nutritional information and country of origin, may change from time to time and so the product you receive in your order may not reflect the information on this page. Please check the packaging on any product you purchase and if it's not what you expected, feel free to return it for a full refund.
Details
Ingredients:
Roasted Peanuts (85%), Vegetable Oil (Contains Antioxidant (320)), Sugar, Salt.
Contains:
Peanuts.
Allergen:
Contains Peanuts
Dietary:
No Preservatives
Servings Per Pack:
17.0
Storage Instructions:
Store in a cool, dry place.
Size:
375g
Code: 130607P
1 3 0 6 0 7 P
Customers also purchased
Vegemite Spread 220g
Vegemite Spread
220g
$4.70
220g $2.14 per 100G
Unit Price
Add
1
for $4.70

Vegemite Spread 380g
Vegemite Spread
380g
$7.00
380g $1.84 per 100G
Unit Price
Add
1
for $7.00

Bega Crunchy Peanut Butter 375g
Bega Crunchy Peanut Butter
375g
$5.40
375g $1.44 per 100G
Unit Price
Add
1
for $5.40

Vegemite Gluten Free Spread 235g
Vegemite Gluten Free Spread
235g
$5.20
235g $2.21 per 100G
Unit Price
Add
1
for $5.20"	['/wcsstore/Coles-CAS/images/1/3/0/130607-th.jpg', '/wcsstore/Coles-CAS/images/1/3/0/130607_B-th.jpg']
Nutella	Hazelnut Chocolate Spread 12 pack	$ 3 .70	180g	$2.06 per 100G	"Nutrition Facts
Serving size: 1 serving = 15g (1 tablespoon)
Qty
Quantity
per serving Qty
Quantity
per 100g / 100ml %
Percentage
daily intake*
Energy 332kJ 2228kJ 4%
Protein 0.9g 6.3g 2%
Total Fat 4.6g 30.9g 7%
Saturated Fat 1.6g 10.6g 7%
Carbohydrate 8.6g 57.5g 3%
Sugars 8.4g 56.3g 9%
Sodium 6mg 42mg 0%
*Percentage Daily Intake per serving. Percentage Daily Intakes are based on an average adult diet of 8700 kJ. Your daily intakes may be higher or lower depending on your energy needs.
Disclaimer:
Product details, including nutritional information and country of origin, may change from time to time and so the product you receive in your order may not reflect the information on this page. Please check the packaging on any product you purchase and if it's not what you expected, feel free to return it for a full refund.
Details
Country of Origin:
Made in Australia
Ingredients:
INGREDIENTS: SUGAR, VEGETABLE OIL (PALM*), HAZELNUTS (13%), SKIM MILK POWDER (8.7%), FAT-REDUCED COCOA POWDER (7.4%), EMULSIFIER (LECITHINS) (SOY), FLAVOURING (VANILLIN). TOTAL MILK SOLIDS: 8.7%. TOTAL COCOA SOLIDS: 7.4%. *Sustainable and segregated certified palm oil.
Contains:
HAZELNUTS, MILK, SOY.
Allergen:
Contains Hazelnuts, Contains Soy, Contains Milk
Dietary:
No Added Colours, No Preservatives
Servings Per Pack:
12.0
Storage Instructions:
STORE IN A COOL AND DRY PLACE, AWAY FROM DIRECT SUNLIGHT. NO NEED FOR REFRIGERATION
Suitable for:
Vegetarians
Usage Instructions:
Contains 12 x 15g portion packs (Recommended Serving size of Nutella: 15g)
Size:
180g
Code: 2117111P
2 1 1 7 1 1 1 P
Customers also purchased
Nutella Hazelnut Chocolate Spread 400g
Nutella Hazelnut Chocolate Spread
400g
$5.70
400g $1.43 per 100G
Unit Price
Add
1
for $5.70

Nutella Hazelnut Chocolate Spread 750g
Nutella Hazelnut Chocolate Spread
750g
$9.75
750g $1.30 per 100G
Unit Price
Add
1
for $9.75

Nutella Hazelnut Spread With Cocoa 1kg everyday product
Nutella Hazelnut Spread With Cocoa
1kg everyday product
$11.00
1kg $1.10 per 100G
Unit Price
Add
1
for $11.00

Nutella Go Hazelnut Spread With Cocoa Breadsticks Multipack 48g 4 pack
Nutella Go Hazelnut Spread With Cocoa Breadsticks Multipack 48g
4 pack
$9.00
4 pack $4.69 per 100G
Unit Price
Add
1
for $9.00"	['/wcsstore/Coles-CAS/images/2/1/1/2117111-th.jpg', '/wcsstore/Coles-CAS/images/2/1/1/2117111_B-th.jpg']
Vegemite	Spread	$ 3 .80	150g	$2.53 per 100G	"Nutrition Facts
Serving size: 1 serving = 5g
Qty
Quantity
per serving Qty
Quantity
per 100g / 100ml %
Percentage
daily intake*
Energy 36kJ 729kJ
Less than
< 1%
Protein 1.3g 25.9g 3%
Total Fat
Less than
< 1.0g
Less than
< 1.0g
Less than
< 1%
Saturated Fat
Less than
< 1.0g
Less than
< 1.0g
Less than
< 1%
Carbohydrate
Less than
< 1.0g 11.1g
Less than
< 1%
Sugars
Less than
< 1.0g 2.4g
Less than
< 1%
Dietary Fibre Total 0.4g 8.4g 1%
Sodium 165mg 3300mg 7%
Folic Acid 100ug 2000ug 50%
Vitamin B1 550g 11mg 50
Vitamin B2 430g 8.6mg 25
Vitamin B3 2.5mg 50mg 25%
*Percentage Daily Intake per serving. Percentage Daily Intakes are based on an average adult diet of 8700 kJ. Your daily intakes may be higher or lower depending on your energy needs.
Disclaimer:
Product details, including nutritional information and country of origin, may change from time to time and so the product you receive in your order may not reflect the information on this page. Please check the packaging on any product you purchase and if it's not what you expected, feel free to return it for a full refund.
Details
Ingredients:
Yeast Extract (From Yeast Grown on Barley and Wheat), Salt, Mineral Salt (508), Malt Extract (From Barley), Colour (150c), Flavours, Niacin, Thiamine, Riboflavin, Folate.
Contains:
Barley and Wheat.
Allergen:
Contains Barley, Contains Wheat
Servings Per Pack:
30.0
Storage Instructions:
Store in a cool, dry place.
Size:
150g
Code: 6032961P
6 0 3 2 9 6 1 P
Customers also purchased
Coles Peanut Butter Smooth Spread 375g
Coles Peanut Butter Smooth Spread
375g
$1.80
Until 02 May 2023
375g $0.48 per 100G
Unit Price
Add
1
for $1.80

Bega Peanut Butter Smooth 200g
Bega Peanut Butter Smooth
200g
$3.50
200g $1.75 per 100G
Unit Price
Add
1
for $3.50

Bega Original Cream Cheese Spread 250g
Bega Original Cream Cheese Spread
250g
$4.10
250g $16.40 per 1Kg
Unit Price
Add
1
for $4.10

Bega Peanut Butter Crunchy 200g
Bega Peanut Butter Crunchy
200g
$3.50
200g $1.75 per 100G
Unit Price
Add
1
for $3.50"	['/wcsstore/Coles-CAS/images/6/0/3/6032961-th.jpg', '/wcsstore/Coles-CAS/images/6/0/3/6032961_L-th.jpg', '/wcsstore/Coles-CAS/images/6/0/3/6032961_B-th.jpg']
Bega	Light Smooth Peanut Butter	$ 6 .40	470g	$1.36 per 100G	"Nutrition Facts
Serving size: 1 serving = 22g (1 Tablespoon)
Qty
Quantity
per serving Qty
Quantity
per 100g / 100ml %
Percentage
daily intake*
Energy 512kJ 2330kJ 6%
Protein 3.8g 17.4g 8%
Total Fat 8.3g 37.6g 12%
Saturated Fat 1.7g 7.7g 7%
Trans
Less than
< 1.0g
Less than
< 1.0g
Not provided
Polyunsaturated
Less than
< 1.0g 3.5g
Not provided
Mono Unsaturated 5.8g 26.3g
Not provided
Carbohydrate 7.8g 35.3g 3%
Sugars 3.4g 15.4g 4%
Sodium 136mg 617mg 6%
Gluten Not Detected Not Detected
Not provided
*Percentage Daily Intake per serving. Percentage Daily Intakes are based on an average adult diet of 8700 kJ. Your daily intakes may be higher or lower depending on your energy needs.
Disclaimer:
Product details, including nutritional information and country of origin, may change from time to time and so the product you receive in your order may not reflect the information on this page. Please check the packaging on any product you purchase and if it's not what you expected, feel free to return it for a full refund.
Details
Ingredients:
Roasted Peanuts (62%), Maltodextrin, Sugar, Vegetable Oil (Contains Antioxidant (320), Salt, Emulsifier (471).
Contains:
Peanuts
Allergen:
Contains Peanuts
Dietary:
No Preservatives
Servings Per Pack:
21.4
Storage Instructions:
Store in a cool, dry place.
Size:
470g
Code: 9059250P
9 0 5 9 2 5 0 P
Customers also purchased
Vegemite Spread 380g
Vegemite Spread
380g
$7.00
380g $1.84 per 100G
Unit Price
Add
1
for $7.00

Bega Dairylea Cheddar Cheese Block 500g
Bega Dairylea Cheddar Cheese Block
500g
$7.00
Until 02 May 2023
500g $14.00 per 1Kg
Unit Price
Add
1
for $7.00

Bega Light Crunchy Peanut Butter 470g
Bega Light Crunchy Peanut Butter
470g
$6.40
470g $1.36 per 100G
Unit Price
Add
1
for $6.40"	['/wcsstore/Coles-CAS/images/9/0/5/9059250-th.jpg', '/wcsstore/Coles-CAS/images/9/0/5/9059250_B-th.jpg']
St Dalfour	Strawberry Spread	$ 4 .50	284g	$1.58 per 100G	"Disclaimer:
Product details, including nutritional information and country of origin, may change from time to time and so the product you receive in your order may not reflect the information on this page. Please check the packaging on any product you purchase and if it's not what you expected, feel free to return it for a full refund.
Details
Country of Origin:
Made in France
Dimensions:
150 x 60 x 60mm
Size:
284g
Code: 5704372P
5 7 0 4 3 7 2 P"	['/wcsstore/Coles-CAS/images/5/7/0/5704372-th.jpg', '/wcsstore/Coles-CAS/images/5/7/0/5704372_B-th.jpg']
Sanitarium	Natural Crunchy Peanut Butter Spread	$ 3 .50	375g	$0.93 per 100G	"Disclaimer:
Product details, including nutritional information and country of origin, may change from time to time and so the product you receive in your order may not reflect the information on this page. Please check the packaging on any product you purchase and if it's not what you expected, feel free to return it for a full refund.
Code: 5796870P
5 7 9 6 8 7 0 P"	['/wcsstore/Coles-CAS/images/5/7/9/5796870-th.jpg', '/wcsstore/Coles-CAS/images/5/7/9/5796870_B-th.jpg']
Bega	Smooth Peanut Butter	$ 4 .40	325g	$1.35 per 100G	"Nutrition Facts
Serving size: 1 serving = 22 g ( 1 Tablespoon)
Qty
Quantity
per serving Qty
Quantity
per 100g / 100ml %
Percentage
daily intake*
Energy 584kJ 2650kJ 7%
Protein 5.6g 25.3g 11%
Total Fat 11.9g 53.9g 17%
Saturated Fat 2.3g 10.4g 10%
Trans
Less than
< 1.0g
Less than
< 1.0g
Not provided
Polyunsaturated 1.3g 5.7g
Not provided
Mono Unsaturated 8.3g 37.2g
Not provided
Carbohydrate 2.2g 10.1g 1%
Sugars 1.2g 5.3g 1%
Dietary Fibre Total 1.2g 5.5g 4%
Sodium 3mg 14mg
Less than
< 1%
Gluten Not Detected Not Detected
Not provided
Potassium 180mg 820mg
Not provided
Vitamin B3 2.7mg 12mg 27%
Magnesium 42mg 190mg 13%
*Percentage Daily Intake per serving. Percentage Daily Intakes are based on an average adult diet of 8700 kJ. Your daily intakes may be higher or lower depending on your energy needs.
Disclaimer:
Product details, including nutritional information and country of origin, may change from time to time and so the product you receive in your order may not reflect the information on this page. Please check the packaging on any product you purchase and if it's not what you expected, feel free to return it for a full refund.
Details
Ingredients:
Roasted Peanuts (91%), Vegetable Oil (Contains Antioxidant (320)).
Contains:
Peanuts.
Allergen:
Contains Peanuts
Dietary:
No Added Salt, No Added Sugars
Servings Per Pack:
14.8
Storage Instructions:
Store in a cool, dry place.
Size:
325g
Code: 1167158P
1 1 6 7 1 5 8 P
Customers also purchased
Bega Crunchy Peanut Butter 325g
Bega Crunchy Peanut Butter
325g
$4.40
Until 02 May 2023
325g $1.35 per 100G
Unit Price
Add
1
for $4.40

Vegemite 40% Salt Reduced 235g
Vegemite 40% Salt Reduced
235g
$5.20
235g $2.21 per 100G
Unit Price
Add
1
for $5.20

Vegemite Squeeze 200g
Vegemite Squeeze
200g
$4.00
Until 02 May 2023
Was $4.50 Jan 2023
200g $2.00 per 100G
Unit Price
Add
1
for $4.00

Coles Cashew Butter 250g
Coles Cashew Butter
250g
$5.70
Until 02 May 2023
250g $2.28 per 100G
Unit Price
Add
1
for $5.70"	['/wcsstore/Coles-CAS/images/1/1/6/1167158-th.jpg', '/wcsstore/Coles-CAS/images/1/1/6/1167158_L-th.jpg', '/wcsstore/Coles-CAS/images/1/1/6/1167158_B-th.jpg']
B Honey	Squeeze	$ 11 .25	750g	$1.50 per 100G	"Nutrition Facts
Serving size: 1 serving = 15g
Qty
Quantity
per serving Qty
Quantity
per 100g / 100ml %
Percentage
daily intake*
Energy 213kJ 1420kJ 2%
Protein
Less than
< 1.0g
Less than
< 1.0g
Less than
< 1%
Total Fat 0.0g 0.0g 0%
Saturated Fat 0.0g 0.0g 0%
Carbohydrate 12.5g 83.1g 4%
Sugars 12.4g 82.5g 14%
Sodium 2mg 14mg
Less than
< 1%
*Percentage Daily Intake per serving. Percentage Daily Intakes are based on an average adult diet of 8700 kJ. Your daily intakes may be higher or lower depending on your energy needs.
Disclaimer:
Product details, including nutritional information and country of origin, may change from time to time and so the product you receive in your order may not reflect the information on this page. Please check the packaging on any product you purchase and if it's not what you expected, feel free to return it for a full refund.
Details
Size:
750g
Code: 5038656P
5 0 3 8 6 5 6 P
Customers also purchased
Capilano Creamed Honey 500g
Capilano Creamed Honey
500g
$8.80
Until 02 May 2023
500g $1.76 per 100G
Unit Price
Add
1
for $8.80

Capilano Manuka Active Honey 340g
Capilano Manuka Active Honey
340g
$9.10
Until 02 May 2023
Was $10.00 Jan 2023
340g $2.68 per 100G
Unit Price
Add
1
for $9.10

B Honey Squeeze 450g plus 50 bonus flybuys points
B Honey Squeeze
450g plus 50 bonus flybuys points
regular price
$8.50 ea
each
450g $1.89 per 100G
Unit Price
Add
1
for $8.50

B Honey Squeeze 300g on special
B Honey Squeeze
300g on special
$5.00
save
$1.50
300g $1.67 per 100G
Unit Price
Add
1
for $5.00"	['/wcsstore/Coles-CAS/images/5/0/3/5038656-th.jpg', '/wcsstore/Coles-CAS/images/5/0/3/5038656_B-th.jpg']
Vegemite	Squeeze	$ 4 .00	200g	$2.00 per 100G	"Nutrition Facts
Serving size: 1 serving = 5g
Qty
Quantity
per serving Qty
Quantity
per 100g / 100ml %
Percentage
daily intake*
Energy 37kJ 742kJ
Less than
< 1%
Protein 1.2g 24.5g 2%
Total Fat
Less than
< 1.0g 1.7g
Less than
< 1%
Saturated Fat
Less than
< 1.0g
Less than
< 1.0g
Less than
< 1%
Carbohydrate
Less than
< 1.0g 11.6g
Less than
< 1%
Sugars
Less than
< 1.0g 4.1g
Less than
< 1%
Dietary Fibre Total 0.4g 8.4g 1%
Sodium 165mg 3300mg 7%
Vitamin B1 0.55mg 11mg 50%
Vitamin B2 0.43mg 8.6mg 25%
Vitamin B3 2.5mg 50mg 25%
*Percentage Daily Intake per serving. Percentage Daily Intakes are based on an average adult diet of 8700 kJ. Your daily intakes may be higher or lower depending on your energy needs.
Disclaimer:
Product details, including nutritional information and country of origin, may change from time to time and so the product you receive in your order may not reflect the information on this page. Please check the packaging on any product you purchase and if it's not what you expected, feel free to return it for a full refund.
Details
Ingredients:
Yeast Extract (from Yeast Grown on Barley and Wheat), Salt, Mineral Salt (508), Malt Extract (from Barley), Colour (150c), Flavours, Niacin, Thiamine, Riboflavin, Folate.
Contains:
Barley and Wheat.
Allergen:
Contains Barley, Contains Wheat
Servings Per Pack:
40.0
Storage Instructions:
Store in a cool, dry place.
Suitable for:
Halal, kosher, vegatarian and vegan.
Size:
200g
Code: 3852620P
3 8 5 2 6 2 0 P
Customers also purchased
Bega Smooth Peanut Butter 325g
Bega Smooth Peanut Butter
325g
$4.40
Until 02 May 2023
325g $1.35 per 100G
Unit Price
Add
1
for $4.40

Bega Peanut Butter Smooth 200g
Bega Peanut Butter Smooth
200g
$3.50
200g $1.75 per 100G
Unit Price
Add
1
for $3.50

99th Monkey Natural Almond Butter 200g on special
99th Monkey Natural Almond Butter
200g on special
$5.60
save
$1.40
200g $2.80 per 100G
Unit Price
Add
1
for $5.60"	['/wcsstore/Coles-CAS/images/3/8/5/3852620-th.jpg', '/wcsstore/Coles-CAS/images/3/8/5/3852620_B-th.jpg']
Bega	Simply Nuts Squeeze Smooth	$ 6 .00	450g	$1.33 per 100G	"Nutrition Facts
Serving size: 1 serving = 22g (1 tablespoon)
Qty
Quantity
per serving Qty
Quantity
per 100g / 100ml %
Percentage
daily intake*
Energy 555kJ 2520kJ 6%
Protein 6.1g 27.6g 12%
Total Fat 10.9g 49.3g 16%
Saturated Fat 1.3g 6.1g 6%
Trans **ND **ND
Not provided
Polyunsaturated
Less than
< 1.0g 1.8g
Not provided
Mono Unsaturated 8.6g 39.2g
Not provided
Carbohydrate 2.4g 11.1g
Less than
< 1%
Sugars 1.2g 5.3g 1%
Sodium 33mg 152mg 2%
Gluten **ND **ND
Not provided
Vitamin B3 2.9mg 13mg 29%
*Percentage Daily Intake per serving. Percentage Daily Intakes are based on an average adult diet of 8700 kJ. Your daily intakes may be higher or lower depending on your energy needs.
Disclaimer:
Product details, including nutritional information and country of origin, may change from time to time and so the product you receive in your order may not reflect the information on this page. Please check the packaging on any product you purchase and if it's not what you expected, feel free to return it for a full refund.
Details
Ingredients:
Roasted Peanuts (99.5%), Salt.
Contains:
Peanuts.
Allergen:
Contains Peanuts
Servings Per Pack:
20.5
Storage Instructions:
Store in a cool, dry place.
Usage Instructions:
Shake well before use.
Size:
450g
Code: 5185107P
5 1 8 5 1 0 7 P
Customers also purchased
Bega Simply Nuts The Crunchiest Peanut Butter 325g plus 50 bonus flybuys points
Bega Simply Nuts The Crunchiest Peanut Butter
325g plus 50 bonus flybuys points
regular price
$5.50 ea
each
325g $1.69 per 100G
Unit Price
Add
1
for $5.50

Coles Smooth Peanut Butter 980g
Coles Smooth Peanut Butter
980g
$6.50
Until 02 May 2023
980g $0.66 per 100G
Unit Price
Add
1
for $6.50

Vegemite Squeeze 200g
Vegemite Squeeze
200g
$4.00
Until 02 May 2023
Was $4.50 Jan 2023
200g $2.00 per 100G
Unit Price
Add
1
for $4.00"	['/wcsstore/Coles-CAS/images/5/1/8/5185107-th.jpg', '/wcsstore/Coles-CAS/images/5/1/8/5185107_B-th.jpg']
Wellness Road	Almond Spread	$ 5 .70	250g	$2.28 per 100G	"Nutrition Facts
Serving size: 1 serving = 10
Qty
Quantity
per serving Qty
Quantity
per 100g / 100ml %
Percentage
daily intake*
Energy 557 2780 3.00
Energy Cal 133 666 0.00
Protein 3.8 19.2 6.00
Total Fat 12.3 61.6 0.00
Saturated Fat 1.0 5.1 3.00
Trans LESS THAN 0.1g LESS THAN 1g 0
Polyunsaturated 3.6 17.9 0
Mono Unsaturated 7.7 38.5 0
Carbohydrate 1.4 7.2 0.00
Sugars 0.05 0.50 0.00
Dietary Fibre Total 0.97 9.70 3.00
Sodium LESS THAN 5mg LESS THAN 5mg 0.00
Gluten 0.00 0.00 0
Potassium 110 550 0.00
*Percentage Daily Intake per serving. Percentage Daily Intakes are based on an average adult diet of 8700 kJ. Your daily intakes may be higher or lower depending on your energy needs.
Disclaimer:
Product details, including nutritional information and country of origin, may change from time to time and so the product you receive in your order may not reflect the information on this page. Please check the packaging on any product you purchase and if it's not what you expected, feel free to return it for a full refund.
Details
Ingredients:
INGREDIENTS: Lightly Roasted Almonds.
Allergen:
May Contain OTHER TREE NUTS, Contains Almonds, May Contain PEANUTS, May Be Present SESAME, May Contain TREE NUTS
Servings Per Pack:
25.0
Storage Instructions:
Store in a cool, dry place
Code: 2915542P
2 9 1 5 5 4 2 P
Customers also purchased
Coles Organic Smooth Peanut Butter 375g
Coles Organic Smooth Peanut Butter
375g
$6.00
Until 02 May 2023
375g $1.60 per 100G
Unit Price
Add
1
for $6.00

Coles Wellness Road Power Mix Spread 280g
Coles Wellness Road Power Mix Spread
280g
$4.00
Until 02 May 2023
280g $1.43 per 100G
Unit Price
Add
1
for $4.00

Mayver's Smooth Natural Hazelnut Cacao & Cashew Butter 240g on special
Mayver's Smooth Natural Hazelnut Cacao & Cashew Butter
240g on special
$6.80
save
$1.70
240g $2.83 per 100G
Unit Price
Add
1
for $6.80

Coles Cashew Butter 250g
Coles Cashew Butter
250g
$5.70
Until 02 May 2023
250g $2.28 per 100G
Unit Price
Add
1
for $5.70"	['/wcsstore/Coles-CAS/images/2/9/1/2915542-th.jpg', '/wcsstore/Coles-CAS/images/2/9/1/2915542_L-th.jpg', '/wcsstore/Coles-CAS/images/2/9/1/2915542_B-th.jpg']
B Honey	Squeeze	$ 5 .00	300g	$1.67 per 100G	"Nutrition Facts
Serving size: 1 serving = 15g
Qty
Quantity
per serving Qty
Quantity
per 100g / 100ml %
Percentage
daily intake*
Energy 213kJ 1420kJ 2%
Protein
Less than
< 1.0g
Less than
< 1.0g
Less than
< 1%
Total Fat 0.0g 0.0g 0%
Saturated Fat 0.0g 0.0g 0%
Carbohydrate 12.5g 83.1g 4%
Sugars 12.4g 82.5g 14%
Sodium 2mg 14mg
Less than
< 1%
*Percentage Daily Intake per serving. Percentage Daily Intakes are based on an average adult diet of 8700 kJ. Your daily intakes may be higher or lower depending on your energy needs.
Disclaimer:
Product details, including nutritional information and country of origin, may change from time to time and so the product you receive in your order may not reflect the information on this page. Please check the packaging on any product you purchase and if it's not what you expected, feel free to return it for a full refund.
Details
Ingredients:
HONEY (100%)
Servings Per Pack:
20.0
Storage Instructions:
Store in a cool, dry place. If this natural honey crystallises, place the bottle in warm water.
Usage Instructions:
B honey is the perfect topper for your toast, crumpets and oats and is a sweet addition to marinades and sauces.
Size:
300 g
Code: 3789931P
3 7 8 9 9 3 1 P
Customers also purchased
Coles Australian Red Gum Honey 400g
Coles Australian Red Gum Honey
400g
$7.50
Until 02 May 2023
400g $1.88 per 100G
Unit Price
Add
1
for $7.50

B Honey Squeeze 450g plus 50 bonus flybuys points
B Honey Squeeze
450g plus 50 bonus flybuys points
regular price
$8.50 ea
each
450g $1.89 per 100G
Unit Price
Add
1
for $8.50

Capilano Pure Honey Pouch 700g
Capilano Pure Honey Pouch
700g
$10.50
700g $1.50 per 100G
Unit Price
Add
1
for $10.50"	['/wcsstore/Coles-CAS/images/3/7/8/3789931-th.jpg', '/wcsstore/Coles-CAS/images/3/7/8/3789931_B-th.jpg']
Vegemite	Gluten Free Spread	$ 5 .20	235g	$2.21 per 100G	"Nutrition Facts
Serving size: 1 serving = 5g
Qty
Quantity
per serving Qty
Quantity
per 100g / 100ml %
Percentage
daily intake*
Energy 39 733
Less than
< 1
Protein 1.2g 22.9g 2
Total Fat
Less than
< 1.0g
Less than
< 1g
Less than
< 1
Saturated Fat
Less than
< 1.0g 0.5g
Less than
< 1
Carbohydrate
Less than
< 1.0g 13.6g
Less than
< 1
Sugars
Less than
< 1.0g 4.9g
Less than
< 1
Dietary Fibre Total 0.4g 8.4g 1
Sodium 165mg 3300mg 7
Gluten N/A N/A N/A
Vitamin B1 0.55mg 11mg 50
Vitamin B2 0.43 8.6mg 25
Vitamin B3 2.5mg 50mg 25
*Percentage Daily Intake per serving. Percentage Daily Intakes are based on an average adult diet of 8700 kJ. Your daily intakes may be higher or lower depending on your energy needs.
Disclaimer:
Product details, including nutritional information and country of origin, may change from time to time and so the product you receive in your order may not reflect the information on this page. Please check the packaging on any product you purchase and if it's not what you expected, feel free to return it for a full refund.
Details
Ingredients:
Yeast Extract, Salt, Mineral Salt (508), Colour (150c), Flavours, Niacin, Thiamine, Riboflavin, Folate.
Servings Per Pack:
47.0
Storage Instructions:
Store in cool, dry place.
Suitable for:
Vegetarians & Vegans. Halal, Kosher. Gluten Free.
Size:
235g
Code: 3447643P
3 4 4 7 6 4 3 P
Customers also purchased
Vegemite Spread 560g
Vegemite Spread
560g
$9.00
560g $1.61 per 100G
Unit Price
Add
1
for $9.00

Bega Peanut Butter Smooth 375g
Bega Peanut Butter Smooth
375g
$5.40
375g $1.44 per 100G
Unit Price
Add
1
for $5.40

Wellness Road Almond Spread 250g
Wellness Road Almond Spread
250g
$5.70
Until 02 May 2023
250g $2.28 per 100G
Unit Price
Add
1
for $5.70

Bega Simply Nuts Crunchy Peanut Butter 325g plus 50 bonus flybuys points
Bega Simply Nuts Crunchy Peanut Butter
325g plus 50 bonus flybuys points
regular price
$5.50 ea
each
325g $1.69 per 100G
Unit Price
Add
1
for $5.50"	['/wcsstore/Coles-CAS/images/3/4/4/3447643-th.jpg', '/wcsstore/Coles-CAS/images/3/4/4/3447643_B-th.jpg']
Bega	Peanut Butter Smooth	$ 3 .50	200g	$1.75 per 100G	"Nutrition Facts
Serving size: 1 serving = 22g
Qty
Quantity
per serving Qty
Quantity
per 100g / 100ml %
Percentage
daily intake*
Energy 570kJ 2590kJ 7%
Protein 5.2g 23.8g 10%
Total Fat 11.3g 51.5g 16%
Saturated Fat 2.3g 10.3g 10%
Trans
Less than
< 1.0g
Less than
< 1.0g
Not provided
Polyunsaturated
Less than
< 1.0g 5.4g
Not provided
Mono Unsaturated 8.1g 35.7g
Not provided
Carbohydrate 2.9g 13.2g 1%
Sugars 1.9g 8.5g 2%
Sodium 127mg 576mg 6%
Gluten Not Detected Not Detected
Not provided
Vitamin B3 2.4mg 11mg 24%
Magnesium 40mg 180mg 13%
*Percentage Daily Intake per serving. Percentage Daily Intakes are based on an average adult diet of 8700 kJ. Your daily intakes may be higher or lower depending on your energy needs.
Disclaimer:
Product details, including nutritional information and country of origin, may change from time to time and so the product you receive in your order may not reflect the information on this page. Please check the packaging on any product you purchase and if it's not what you expected, feel free to return it for a full refund.
Details
Ingredients:
Roasted Peanuts (85%), Vegetable Oil (Contains Antioxidant (320), Sugar, Salt.
Contains:
Peanuts
Allergen:
Contains Peanuts
Dietary:
No Preservatives
Servings Per Pack:
9.1
Storage Instructions:
Store in a cool, dry place.
Size:
200g
Code: 181641P
1 8 1 6 4 1 P
Customers also purchased
Vegemite Spread 150g
Vegemite Spread
150g
$3.80
150g $2.53 per 100G
Unit Price
Add
1
for $3.80

Bega Original Cream Cheese Spread 250g
Bega Original Cream Cheese Spread
250g
$4.10
250g $16.40 per 1Kg
Unit Price
Add
1
for $4.10

Bega Peanut Butter Crunchy 200g
Bega Peanut Butter Crunchy
200g
$3.50
200g $1.75 per 100G
Unit Price
Add
1
for $3.50

Vegemite Squeeze 200g
Vegemite Squeeze
200g
$4.00
Until 02 May 2023
Was $4.50 Jan 2023
200g $2.00 per 100G
Unit Price
Add
1
for $4.00"	['/wcsstore/Coles-CAS/images/1/8/1/181641-th.jpg', '/wcsstore/Coles-CAS/images/1/8/1/181641_B-th.jpg']
Bega	Vegemite Salt Reduced	$ 7 .80	400g	$1.95 per 100G	"Nutrition Facts
Serving size: 1 serving = 5g
Qty
Quantity
per serving Qty
Quantity
per 100g / 100ml %
Percentage
daily intake*
Energy 39kJ 786kJ
Less than
< 1%
Protein 1.1g 21.6g 2%
Total Fat
Less than
< 1.0g 1.7g
Less than
< 1%
Saturated Fat
Less than
< 1.0g
Less than
< 1.0g
Less than
< 1%
Carbohydrate
Less than
< 1.0g 16.8g
Less than
< 1%
Sugars
Less than
< 1.0g 3.5g
Less than
< 1%
Dietary Fibre Total 0.4g 8.8g 1%
Sodium 99mg 1980mg 4%
Potassium 165mg 3300mg
Not provided
Vitamin B1 0.55mg 11mg 50%
Vitamin B2 0.43mg 8.6mg 25%
Vitamin B3 2.5mg 50mg 25%
Vitamin B12 0.5ug 10ug 25%
Vitamin B6 0.4mg 8mg 25%
*Percentage Daily Intake per serving. Percentage Daily Intakes are based on an average adult diet of 8700 kJ. Your daily intakes may be higher or lower depending on your energy needs.
Disclaimer:
Product details, including nutritional information and country of origin, may change from time to time and so the product you receive in your order may not reflect the information on this page. Please check the packaging on any product you purchase and if it's not what you expected, feel free to return it for a full refund.
Details
Ingredients:
Yeast Extract (Wheat, Barley), Natural Colour (150a), Humectant (422), Mineral Salt (508), Salt, Malt Extract (Barley), Flavours, Niacin, Thiamine, Vitamin B6, Riboflavin, Folate, Vitamin B12.
Contains:
Wheat, Gluten (Barley).
Allergen:
Contains Barley, Contains Gluten, Contains Wheat
Dietary:
No Artificial Flavours or Colours
Servings Per Pack:
80.0
Storage Instructions:
Store in a cool, dry place.
Suitable for:
Vegetarians and vegans. Halal. Kosher.
Size:
400g
Code: 5485847P
5 4 8 5 8 4 7 P
Customers also purchased
Vegemite Cheesybite Spread 270g
Vegemite Cheesybite Spread
270g
$5.15
270g $1.91 per 100G
Unit Price
Add
1
for $5.15

Promite Spread 290g
Promite Spread
290g
$5.30
290g $1.83 per 100G
Unit Price
Add
1
for $5.30

Wellness Road Almond Spread 250g
Wellness Road Almond Spread
250g
$5.70
Until 02 May 2023
250g $2.28 per 100G
Unit Price
Add
1
for $5.70

Wellness Road Abc Spread 250g
Wellness Road Abc Spread
250g
$5.70
Until 02 May 2023
250g $2.28 per 100G
Unit Price
Add
1
for $5.70"	['/wcsstore/Coles-CAS/images/5/4/8/5485847-th.jpg', '/wcsstore/Coles-CAS/images/5/4/8/5485847_L-th.jpg', '/wcsstore/Coles-CAS/images/5/4/8/5485847_R-th.jpg']
Bega	Simply Nuts Smooth Peanut Butter	$ 8 .50	650g	$1.31 per 100G	"Nutrition Facts
Serving size: 1 serving = 22 g (1 Tablespoon)
Qty
Quantity
per serving Qty
Quantity
per 100g / 100ml %
Percentage
daily intake*
Energy 564kJ 2560kJ 6%
Protein 6.1g 27.6g 12%
Total Fat 10.9g 49.3g 16%
Saturated Fat 1.3g 6.1g 6%
Trans Not Detected Not Detected
Not provided
Polyunsaturated
Less than
< 1.0g 4.1g
Not provided
Mono Unsaturated 8.6g 39.2g
Not provided
Carbohydrate 2.4g 11.1g 1%
Sugars 1.2g 5.3g 1%
Sodium 33mg 152mg 1%
Gluten Not Detected Not Detected
Not provided
Vitamin B3 2.9mg 13mg 29%
*Percentage Daily Intake per serving. Percentage Daily Intakes are based on an average adult diet of 8700 kJ. Your daily intakes may be higher or lower depending on your energy needs.
Disclaimer:
Product details, including nutritional information and country of origin, may change from time to time and so the product you receive in your order may not reflect the information on this page. Please check the packaging on any product you purchase and if it's not what you expected, feel free to return it for a full refund.
Details
Ingredients:
Roasted Peanuts (99.5%), Salt.
Contains:
Peanuts
Allergen:
Contains Peanuts
Servings Per Pack:
29.5
Storage Instructions:
Store in a cool, dry place.
Size:
650g
Code: 3791092P
3 7 9 1 0 9 2 P
Customers also purchased
Wellness Road Almond Spread 250g
Wellness Road Almond Spread
250g
$5.70
Until 02 May 2023
250g $2.28 per 100G
Unit Price
Add
1
for $5.70

Coles Wellness Road Power Mix Spread 280g
Coles Wellness Road Power Mix Spread
280g
$4.00
Until 02 May 2023
280g $1.43 per 100G
Unit Price
Add
1
for $4.00

Bega Simply Nuts Crunchy Peanut Butter 650g
Bega Simply Nuts Crunchy Peanut Butter
650g
$8.50
Until 02 May 2023
650g $1.31 per 100G
Unit Price
Add
1
for $8.50

Bega Simply Nuts The Crunchiest Peanut Butter 650g
Bega Simply Nuts The Crunchiest Peanut Butter
650g
$8.50
Until 02 May 2023
650g $1.31 per 100G
Unit Price
Add
1
for $8.50"	['/wcsstore/Coles-CAS/images/3/7/9/3791092-th.jpg', '/wcsstore/Coles-CAS/images/3/7/9/3791092_L-th.jpg', '/wcsstore/Coles-CAS/images/3/7/9/3791092_B-th.jpg']
Bega	Simply Nuts Crunchy Peanut Butter	$ 8 .50	650g	$1.31 per 100G	"Nutrition Facts
Serving size: 1 serving = 22 g (1 Tablespoon)
Qty
Quantity
per serving Qty
Quantity
per 100g / 100ml %
Percentage
daily intake*
Energy 562kJ 2550kJ 6%
Protein 6.1g 27.5g 12%
Total Fat 10.8g 49.0g 15%
Saturated Fat 1.3g 6.0g 6%
Trans Not Detected Not Detected
Not provided
Polyunsaturated
Less than
< 1g 4.1g
Not provided
Mono Unsaturated 8.6g 38.9g
Not provided
Carbohydrate 2.5g 11.3g 1%
Sugars 1.2g 5.3g 1%
Sodium 34mg 154mg 1%
Gluten Not Detected Not Detected
Not provided
Vitamin B3 2.9mg 13mg 29%
*Percentage Daily Intake per serving. Percentage Daily Intakes are based on an average adult diet of 8700 kJ. Your daily intakes may be higher or lower depending on your energy needs.
Disclaimer:
Product details, including nutritional information and country of origin, may change from time to time and so the product you receive in your order may not reflect the information on this page. Please check the packaging on any product you purchase and if it's not what you expected, feel free to return it for a full refund.
Details
Ingredients:
Roasted Peanuts (99.5%), Salt.
Contains:
Peanuts
Allergen:
Contains Peanuts
Servings Per Pack:
29.5
Storage Instructions:
Store in a cool, dry place.
Size:
650g
Code: 3791106P
3 7 9 1 1 0 6 P
Customers also purchased
Vegemite Spread 560g
Vegemite Spread
560g
$9.00
560g $1.61 per 100G
Unit Price
Add
1
for $9.00

Sanitarium Marmite Yeast Extract Spread 250g
Sanitarium Marmite Yeast Extract Spread
250g
$4.30
250g $1.72 per 100G
Unit Price
Add
1
for $4.30

Wellness Road Almond Spread 250g
Wellness Road Almond Spread
250g
$5.70
Until 02 May 2023
250g $2.28 per 100G
Unit Price
Add
1
for $5.70

Bega Simply Nuts Smooth Peanut Butter 650g
Bega Simply Nuts Smooth Peanut Butter
650g
$8.50
Until 02 May 2023
650g $1.31 per 100G
Unit Price
Add
1
for $8.50"	['/wcsstore/Coles-CAS/images/3/7/9/3791106-th.jpg', '/wcsstore/Coles-CAS/images/3/7/9/3791106_L-th.jpg', '/wcsstore/Coles-CAS/images/3/7/9/3791106_B-th.jpg']
St Dalfour	Red Raspberry Spread	$ 4 .50	284g	$1.58 per 100G	"Disclaimer:
Product details, including nutritional information and country of origin, may change from time to time and so the product you receive in your order may not reflect the information on this page. Please check the packaging on any product you purchase and if it's not what you expected, feel free to return it for a full refund.
Details
Country of Origin:
Made in France
Dimensions:
150 x 60 x 60mm
Size:
284g
Code: 5704350P
5 7 0 4 3 5 0 P
Customers also purchased
St Dalfour Thick Apricot Spread 284g on special
St Dalfour Thick Apricot Spread
284g on special
$4.50
save
$1.20
284g $1.58 per 100G
Unit Price
Add
1
for $4.50

St Dalfour Wild Blueberry Spread 284g on special
St Dalfour Wild Blueberry Spread
284g on special
$4.50
save
$1.20
284g $1.58 per 100G
Unit Price
Add
1
for $4.50

St Dalfour Orange Marmalade 284g on special
St Dalfour Orange Marmalade
284g on special
$4.50
save
$1.20
284g $1.58 per 100G
Unit Price
Add
1
for $4.50

St Dalfour Strawberry Spread 284g on special
St Dalfour Strawberry Spread
284g on special
$4.50
save
$1.20
284g $1.58 per 100G
Unit Price
Add
1
for $4.50"	['/wcsstore/Coles-CAS/images/5/7/0/5704350-th.jpg', '/wcsstore/Coles-CAS/images/5/7/0/5704350_L-th.jpg', '/wcsstore/Coles-CAS/images/5/7/0/5704350_R-th.jpg', '/wcsstore/Coles-CAS/images/5/7/0/5704350_B-th.jpg']
Bega	Peanut Butter Super Crunchy	$ 6 .40	470g	$1.36 per 100G	"Nutrition Facts
Serving size: 1 serving = 22g (1 Tablespoon)
Qty
Quantity
per serving Qty
Quantity
per 100g / 100ml %
Percentage
daily intake*
Energy 568kJ 2580kJ 7%
Protein 5.2g 23.7g 10%
Total Fat 11.3g 51.1g 16%
Saturated Fat 2.3g 10.2g 10%
Trans
Less than
< 1.0g
Less than
< 1.0g
Not provided
Polyunsaturated
Less than
< 1.0g 4.2g
Not provided
Mono Unsaturated 8.1g 36.6g
Not provided
Carbohydrate 3.0g 13.6g 1%
Sugars 1.9g 8.4g 2%
Sodium 127mg 579mg 6%
Gluten Not Detected Not Detected
Not provided
Vitamin B3 2.4mg 11mg 24%
Magnesium 40mg 180mg 13%
*Percentage Daily Intake per serving. Percentage Daily Intakes are based on an average adult diet of 8700 kJ. Your daily intakes may be higher or lower depending on your energy needs.
Disclaimer:
Product details, including nutritional information and country of origin, may change from time to time and so the product you receive in your order may not reflect the information on this page. Please check the packaging on any product you purchase and if it's not what you expected, feel free to return it for a full refund.
Details
Ingredients:
Roasted Peanuts (85%), Vegetable Oil (Contains Antioxidant (320)), Sugar, Salt.
Contains:
Peanuts.
Allergen:
Contains Peanuts
Dietary:
No Preservatives
Servings Per Pack:
21.4
Storage Instructions:
Store in a cool, dry place.
Size:
470g
Code: 2786257P
2 7 8 6 2 5 7 P"	['/wcsstore/Coles-CAS/images/2/7/8/2786257-th.jpg', '/wcsstore/Coles-CAS/images/2/7/8/2786257_B-th.jpg']
Vegemite	40% Salt Reduced	$ 5 .20	235g	$2.21 per 100G	"Nutrition Facts
Serving size: 1 serving = 5g
Qty
Quantity
per serving Qty
Quantity
per 100g / 100ml %
Percentage
daily intake*
Energy 41kJ 810kJ
Less than
< 1%
Protein 1.3g 26.3g 3%
Total Fat
Less than
< 1.0g
Less than
< 1.0g
Less than
< 1%
Saturated Fat
Less than
< 1.0g
Less than
< 1.0g
Less than
< 1%
Carbohydrate
Less than
< 1.0g 13.3g
Less than
< 1%
Sugars
Less than
< 1.0g 2.0g
Less than
< 1%
Dietary Fibre Total 0.6g 12.5g 2%
Sodium 99mg 1980mg 4%
Potassium 165mg 3300mg
Not provided
Vitamin B1 0.55mg 11mg 50%
Vitamin B2 0.43mg 8.6mg 25%
Vitamin B3 2.5mg 50mg 25%
Vitamin B12 0.5ug 10ug 25%
Vitamin B6 0.4mg 8mg 25%
*Percentage Daily Intake per serving. Percentage Daily Intakes are based on an average adult diet of 8700 kJ. Your daily intakes may be higher or lower depending on your energy needs.
Disclaimer:
Product details, including nutritional information and country of origin, may change from time to time and so the product you receive in your order may not reflect the information on this page. Please check the packaging on any product you purchase and if it's not what you expected, feel free to return it for a full refund.
Details
Ingredients:
Yeast Extract (From Yeast Grown On Barley And Wheat), Mineral Salt (508), Humectant (422), Malt Extract (From Barley), Salt, Colour (150c), Flavours, Niacin, Thiamine, Riboflavin, Vitamin B6, Folate, Vitamin B12.
Contains:
Barley and wheat.
Allergen:
Contains Barley, Contains Wheat
Servings Per Pack:
47.0
Storage Instructions:
Store in a cool, dry place.
Suitable for:
Vegetarians & Vegans. Halal, Kosher.
Size:
235g
Code: 3741980P
3 7 4 1 9 8 0 P
Customers also purchased
Bega Smooth Peanut Butter 325g
Bega Smooth Peanut Butter
325g
$4.40
Until 02 May 2023
325g $1.35 per 100G
Unit Price
Add
1
for $4.40

Peck's Devilled Ham Spread 125g
Peck's Devilled Ham Spread
125g
$4.50
125g $3.60 per 100G
Unit Price
Add
1
for $4.50

Coles Organic Crunchy Peanut Butter 375g
Coles Organic Crunchy Peanut Butter
375g
$6.00
Until 02 May 2023
375g $1.60 per 100G
Unit Price
Add
1
for $6.00

Mayver's Crunchy Dark Roast Natural Peanut Butter 375g on special
Mayver's Crunchy Dark Roast Natural Peanut Butter
375g on special
$4.60
save
$1.20
375g $1.23 per 100G
Unit Price
Add
1
for $4.60"	['/wcsstore/Coles-CAS/images/3/7/4/3741980-th.jpg', '/wcsstore/Coles-CAS/images/3/7/4/3741980_L-th.jpg', '/wcsstore/Coles-CAS/images/3/7/4/3741980_B-th.jpg']
Vegemite	Cheesybite Spread	$ 5 .15	270g	$1.91 per 100G	"Nutrition Facts
Serving size: 1 serving = 13g
Qty
Quantity
per serving Qty
Quantity
per 100g / 100ml %
Percentage
daily intake*
Energy 137kJ 1050kJ 2%
Protein 1.7g 13g 3%
Total Fat 2.2g 16.6g 3%
Saturated Fat 1.4g 11.g 6%
Carbohydrate 1.7g 12.8g
Less than
< 1%
Sugars
Less than
< 1.0g 3.6g
Less than
< 1%
Sodium 163mg 1250mg 7%
Gluten NOT DETECTED NOT DETECTED NOT DETECTED
Folic Acid 54ug 417ug 27%
Vitamin B1 0.30mg 2.3mg 2%
Vitamin B2 0.23mg 1.78g 14%
Vitamin B3 1.4mg 10.4mg 14%
*Percentage Daily Intake per serving. Percentage Daily Intakes are based on an average adult diet of 8700 kJ. Your daily intakes may be higher or lower depending on your energy needs.
Disclaimer:
Product details, including nutritional information and country of origin, may change from time to time and so the product you receive in your order may not reflect the information on this page. Please check the packaging on any product you purchase and if it's not what you expected, feel free to return it for a full refund.
Details
Ingredients:
YEAST EXTRACT AND CREAM CHEESE BLEND. INGREDIENTS: GLUTEN FREE VEGEMITE YEAST EXTRACT (30%) (YEAST EXTRACT, NATURAL COLOUR (150a), SALT, MINERAL SALT (508), FLAVOURS, NIACIN, THIAMINE, RIBOFLAVIN, FOLATE), WATER, CREAM CHEESE (17%) (MILK, CREAM (MILK), SALT, VEGETABLE GUM (410), STARTER CULTURE), BUTTER (CREAM (MILK), WATER, SALT), NATURAL COLOUR (150a), CHEESE (4%) (MILK, SALT, STARTER CULTURE, ENZYMES), HUMECTANT (422), MINERAL SALT (339), THICKENER (1442), FOOD ACID (270), PRESERVATIVES (200,234).
Contains:
Milk.
Allergen:
Contains Milk
Servings Per Pack:
20.8
Storage Instructions:
Refrigerate after opening. Best consumed within 4 weeks of opening.
Suitable for:
halal diets
Size:
270g
Code: 7277239P
7 2 7 7 2 3 9 P
Customers also purchased
Dairylea Cheese Sticks 12 pack 240g
Dairylea Cheese Sticks 12 pack
240g
$6.00
240g $25.00 per 1Kg
Unit Price
Add
1
for $6.00

Peck's Devilled Ham Spread 125g
Peck's Devilled Ham Spread
125g
$4.50
125g $3.60 per 100G
Unit Price
Add
1
for $4.50

Bega Original Cream Cheese Spread 250g
Bega Original Cream Cheese Spread
250g
$4.10
250g $16.40 per 1Kg
Unit Price
Add
1
for $4.10"	['/wcsstore/Coles-CAS/images/7/2/7/7277239-th.jpg', '/wcsstore/Coles-CAS/images/7/2/7/7277239_L-th.jpg', '/wcsstore/Coles-CAS/images/7/2/7/7277239_R-th.jpg', '/wcsstore/Coles-CAS/images/7/2/7/7277239_B-th.jpg']
Bega	Light Crunchy Peanut Butter	$ 6 .40	470g	$1.36 per 100G	"Nutrition Facts
Serving size: 1 serving = 22g (1 Tablespoon)
Qty
Quantity
per serving Qty
Quantity
per 100g / 100ml %
Percentage
daily intake*
Energy 511kJ 2320kJ 6%
Protein 3.8g 17.4g 8%
Total Fat 8.2g 37.4g 12%
Saturated Fat 1.7g 7.7g 7%
Trans
Less than
< 1.0g
Less than
< 1.0g
Not provided
Polyunsaturated
Less than
< 1.0g 3.4g
Not provided
Mono Unsaturated 5.8g 26.2g
Not provided
Carbohydrate 7.8g 35.4g 3%
Sugars 3.4g 15.4g 4%
Sodium 136mg 618mg 6%
Gluten Not Detected Not Detected
Not provided
*Percentage Daily Intake per serving. Percentage Daily Intakes are based on an average adult diet of 8700 kJ. Your daily intakes may be higher or lower depending on your energy needs.
Disclaimer:
Product details, including nutritional information and country of origin, may change from time to time and so the product you receive in your order may not reflect the information on this page. Please check the packaging on any product you purchase and if it's not what you expected, feel free to return it for a full refund.
Details
Ingredients:
Roasted Peanuts (62%), Maltodextrin, Sugar, Vegetable Oil (Contains Antioxidant (320), Salt, Emulsifier (471).
Contains:
Peanuts
Allergen:
Contains Peanuts
Dietary:
No Preservatives
Servings Per Pack:
21.4
Storage Instructions:
Store in a cool, dry place.
Size:
470g
Code: 9059181P
9 0 5 9 1 8 1 P
Customers also purchased
Bega Light Smooth Peanut Butter 470g
Bega Light Smooth Peanut Butter
470g
$6.40
470g $1.36 per 100G
Unit Price
Add
1
for $6.40

Promite Spread 290g
Promite Spread
290g
$5.30
290g $1.83 per 100G
Unit Price
Add
1
for $5.30"	['/wcsstore/Coles-CAS/images/9/0/5/9059181-th.jpg', '/wcsstore/Coles-CAS/images/9/0/5/9059181_B-th.jpg']
Bega	Simply Nuts The Crunchiest Peanut Butter	$ 8 .50	650g	$1.31 per 100G	"Nutrition Facts
Serving size: 1 serving = 22g (1 Tablespoon)
Qty
Quantity
per serving Qty
Quantity
per 100g / 100ml %
Percentage
daily intake*
Energy 553kJ 2510kJ 6%
Protein 6.1g 27.5g 12%
Total Fat 10.8g 49.0g 15%
Saturated Fat 1.3g 6.0g 6%
Trans Not Detected Not Detected
Not provided
Polyunsaturated
Less than
< 1.0g 1.8g
Not provided
Mono Unsaturated 8.6g 38.8g
Not provided
Carbohydrate 2.5g 11.4g
Less than
< 1%
Sugars 1.2g 5.3g 1%
Sodium 34mg 155mg 2%
Gluten Not Detected Not Detected
Not provided
Vitamin B3 2.9mg 13mg 29%
*Percentage Daily Intake per serving. Percentage Daily Intakes are based on an average adult diet of 8700 kJ. Your daily intakes may be higher or lower depending on your energy needs.
Disclaimer:
Product details, including nutritional information and country of origin, may change from time to time and so the product you receive in your order may not reflect the information on this page. Please check the packaging on any product you purchase and if it's not what you expected, feel free to return it for a full refund.
Details
Ingredients:
Roasted Peanuts (99.5%), Salt.
Contains:
Peanuts
Allergen:
Contains Peanuts
Dietary:
No Artificial Flavours or Colours
Servings Per Pack:
29.5
Storage Instructions:
Store in a cool, dry place.
Size:
650g
Code: 4464003P
4 4 6 4 0 0 3 P
Customers also purchased
99th Monkey Natural Almond Butter 200g on special
99th Monkey Natural Almond Butter
200g on special
$5.60
save
$1.40
200g $2.80 per 100G
Unit Price
Add
1
for $5.60

Bega Simply Nuts Smooth Peanut Butter 325g plus 50 bonus flybuys points
Bega Simply Nuts Smooth Peanut Butter
325g plus 50 bonus flybuys points
regular price
$5.50 ea
each
325g $1.69 per 100G
Unit Price
Add
1
for $5.50

Bega Simply Nuts Smooth Peanut Butter 650g
Bega Simply Nuts Smooth Peanut Butter
650g
$8.50
Until 02 May 2023
650g $1.31 per 100G
Unit Price
Add
1
for $8.50

Bega Simply Nuts Crunchy Peanut Butter 650g
Bega Simply Nuts Crunchy Peanut Butter
650g
$8.50
Until 02 May 2023
650g $1.31 per 100G
Unit Price
Add
1
for $8.50"	['/wcsstore/Coles-CAS/images/4/4/6/4464003-th.jpg', '/wcsstore/Coles-CAS/images/4/4/6/4464003_B-th.jpg']
St Dalfour	Wild Blueberry Spread	$ 4 .50	284g	$1.58 per 100G	"Disclaimer:
Product details, including nutritional information and country of origin, may change from time to time and so the product you receive in your order may not reflect the information on this page. Please check the packaging on any product you purchase and if it's not what you expected, feel free to return it for a full refund.
Details
Country of Origin:
Made in France
Dimensions:
150 x 60 x 60mm
Size:
284g
Code: 5704420P
5 7 0 4 4 2 0 P
Customers also purchased
St Dalfour Thick Apricot Spread 284g on special
St Dalfour Thick Apricot Spread
284g on special
$4.50
save
$1.20
284g $1.58 per 100G
Unit Price
Add
1
for $4.50

St Dalfour Orange Marmalade 284g on special
St Dalfour Orange Marmalade
284g on special
$4.50
save
$1.20
284g $1.58 per 100G
Unit Price
Add
1
for $4.50

St Dalfour Red Raspberry Spread 284g on special
St Dalfour Red Raspberry Spread
284g on special
$4.50
save
$1.20
284g $1.58 per 100G
Unit Price
Add
1
for $4.50

St Dalfour Strawberry Spread 284g on special
St Dalfour Strawberry Spread
284g on special
$4.50
save
$1.20
284g $1.58 per 100G
Unit Price
Add
1
for $4.50"	['/wcsstore/Coles-CAS/images/5/7/0/5704420-th.jpg', '/wcsstore/Coles-CAS/images/5/7/0/5704420_L-th.jpg', '/wcsstore/Coles-CAS/images/5/7/0/5704420_R-th.jpg', '/wcsstore/Coles-CAS/images/5/7/0/5704420_B-th.jpg']
Bega	Almond Spread Crunchy	$ 5 .70	325g	$1.75 per 100G	"Nutrition Facts
Serving size: 1 serving = 22g (1 tablespoon)
Qty
Quantity
per serving Qty
Quantity
per 100g / 100ml %
Percentage
daily intake*
Energy 534kJ
Not provided
6%
Protein 1.6g
Not provided
3%
Total Fat 9.2g
Not provided
13%
Saturated Fat 1.8g
Not provided
8%
Carbohydrate 9.5g
Not provided
3%
Sugars 4.2g
Not provided
5%
Sodium 64mg
Not provided
3%
*Percentage Daily Intake per serving. Percentage Daily Intakes are based on an average adult diet of 8700 kJ. Your daily intakes may be higher or lower depending on your energy needs.
Disclaimer:
Product details, including nutritional information and country of origin, may change from time to time and so the product you receive in your order may not reflect the information on this page. Please check the packaging on any product you purchase and if it's not what you expected, feel free to return it for a full refund.
Details
Country of Origin:
Made in Belgium
Ingredients:
Vegetable Oil, Maltodextrin, Almonds (23%), Milk Solids, Sugar, Salt, Emulsifier (322).
Contains:
Milk and Almonds.
Allergen:
May Be Present Barley, May Be Present Rye, May Be Present Soy, Contains Tree Nuts, May Be Present Peanuts, May Be Present Wheat, Contains Milk
Servings Per Pack:
14.8
Storage Instructions:
Store at room temperature.
Size:
325g
Code: 2222262P
2 2 2 2 2 6 2 P
Customers also purchased
Coles Organic Smooth Peanut Butter 375g
Coles Organic Smooth Peanut Butter
375g
$6.00
Until 02 May 2023
375g $1.60 per 100G
Unit Price
Add
1
for $6.00

Coles Wellness Road Power Mix Spread 280g
Coles Wellness Road Power Mix Spread
280g
$4.00
Until 02 May 2023
280g $1.43 per 100G
Unit Price
Add
1
for $4.00

Mayver's Smunchy Natural Unsalted Peanut Butter 375g
Mayver's Smunchy Natural Unsalted Peanut Butter
375g
$5.80
375g $1.55 per 100G
Unit Price
Add
1
for $5.80

Mayver's Smooth Natural Hazelnut Cacao & Cashew Butter 240g on special
Mayver's Smooth Natural Hazelnut Cacao & Cashew Butter
240g on special
$6.80
save
$1.70
240g $2.83 per 100G
Unit Price
Add
1
for $6.80"	['/wcsstore/Coles-CAS/images/2/2/2/2222262-th.jpg', '/wcsstore/Coles-CAS/images/2/2/2/2222262_B-th.jpg']
Bega	Peanut Butter Protein Smooth	$ 6 .40	470g	$1.36 per 100G	"Nutrition Facts
Serving size: 1 serving = 22g
Qty
Quantity
per serving Qty
Quantity
per 100g / 100ml %
Percentage
daily intake*
Energy 512kJ 2330kJ 6%
Protein 6.6g 29.9g 13%
Total Fat 8.8g 39.8g 13%
Saturated Fat 1.9g 8.8g 8%
Trans
Less than
< 1.0g
Less than
< 1.0g
Not provided
Polyunsaturated
Less than
< 1.0g 1.9g
Not provided
Mono Unsaturated 6.1g 27.7g
Not provided
Carbohydrate 3.1g 14.0g 1%
Sugars 2.1g 9.6g 2%
Dietary Fibre Total 2.2g 9.8g 7%
Sodium 90mg 408mg 4%
Gluten **ND **ND
Not provided
*Percentage Daily Intake per serving. Percentage Daily Intakes are based on an average adult diet of 8700 kJ. Your daily intakes may be higher or lower depending on your energy needs.
Disclaimer:
Product details, including nutritional information and country of origin, may change from time to time and so the product you receive in your order may not reflect the information on this page. Please check the packaging on any product you purchase and if it's not what you expected, feel free to return it for a full refund.
Details
Ingredients:
Roasted Peanuts (57%), Defatted Peanuts, Vegetable Oil (Contains Antioxidant (320)), Sugar, Salt.
Contains:
Peanuts.
Allergen:
Contains Peanuts
Dietary:
No Preservatives, No Artificial Flavours or Colours
Servings Per Pack:
21.4
Storage Instructions:
Store in a cool, dry place.
Size:
470g
Code: 5039455P
5 0 3 9 4 5 5 P
Customers also purchased
Bega Cream Cheese Spread Bold 250g
Bega Cream Cheese Spread Bold
250g
$4.10
250g $16.40 per 1Kg
Unit Price
Add
1
for $4.10

Mayver's Cacao Natural Super Spread 280g on special
Mayver's Cacao Natural Super Spread
280g on special
$6.00
save
$1.50
280g $2.14 per 100G
Unit Price
Add
1
for $6.00

Bega Peanut Butter Super Crunchy 470g
Bega Peanut Butter Super Crunchy
470g
$6.40
470g $1.36 per 100G
Unit Price
Add
1
for $6.40"	['/wcsstore/Coles-CAS/images/5/0/3/5039455-th.jpg', '/wcsstore/Coles-CAS/images/5/0/3/5039455_B-th.jpg']
Bega	Peanut Butter Protein Crunchy	$ 6 .40	470g	$1.36 per 100G	"Nutrition Facts
Serving size: 1 serving = 22g (1 tablespoon)
Qty
Quantity
per serving Qty
Quantity
per 100g / 100ml %
Percentage
daily intake*
Energy 511kJ 2320kJ 6%
Protein 6.6g 29.9g 13%
Total Fat 8.7g 39.5g 12%
Saturated Fat 1.9g 8.8g 8%
Trans
Less than
< 1.0g
Less than
< 1.0g
Not provided
Polyunsaturated
Less than
< 1.0g 1.9g
Not provided
Mono Unsaturated 6.1g 27.5g
Not provided
Carbohydrate 3.1g 14.2g 1%
Sugars 2.1g 9.6g 2%
Dietary Fibre Total 2.1g 9.6g 7%
Sodium 90mg 410mg 4%
Gluten **ND **ND
Not provided
*Percentage Daily Intake per serving. Percentage Daily Intakes are based on an average adult diet of 8700 kJ. Your daily intakes may be higher or lower depending on your energy needs.
Disclaimer:
Product details, including nutritional information and country of origin, may change from time to time and so the product you receive in your order may not reflect the information on this page. Please check the packaging on any product you purchase and if it's not what you expected, feel free to return it for a full refund.
Details
Ingredients:
Roasted Peanuts (57%), Defatted Peanuts, Vegetable Oil (Contains Antioxidant (320)), Sugar, Salt.
Contains:
Peanuts.
Allergen:
Contains Peanuts
Dietary:
No Preservatives, No Artificial Flavours or Colours
Servings Per Pack:
21.4
Storage Instructions:
Store in a cool, dry place.
Size:
470g
Code: 5039477P
5 0 3 9 4 7 7 P
Customers also purchased
Vegemite Cheesybite Spread 270g
Vegemite Cheesybite Spread
270g
$5.15
270g $1.91 per 100G
Unit Price
Add
1
for $5.15

Bega Peanut Butter Super Crunchy 470g
Bega Peanut Butter Super Crunchy
470g
$6.40
470g $1.36 per 100G
Unit Price
Add
1
for $6.40"	['/wcsstore/Coles-CAS/images/5/0/3/5039477-th.jpg', '/wcsstore/Coles-CAS/images/5/0/3/5039477_L-th.jpg', '/wcsstore/Coles-CAS/images/5/0/3/5039477_B-th.jpg']
Bega	Peanut Butter Crunchy	$ 3 .50	200g	$1.75 per 100G	"Nutrition Facts
Serving size: 1 serving = 22g OR 1 Tablespoon
Qty
Quantity
per serving Qty
Quantity
per 100g / 100ml %
Percentage
daily intake*
Energy 568kJ 2580kJ 7%
Protein 5.2g 23.7g 10%
Total Fat 11.3g 51.3g 16%
Saturated Fat 2.3g 10.3g 10%
Trans
Less than
< 1.0g
Not provided
Not provided
Polyunsaturated
Less than
< 1.0g
Not provided
Not provided
Mono Unsaturated 8.1g
Not provided
Not provided
Carbohydrate 3.0g 13.4g 1%
Sugars 1.9g 8.4g 2%
Sodium 127mg 578mg 6%
Gluten Not Detected Not Detected
Not provided
Vitamin B3 2.4mg
Not provided
24%
Magnesium 40mg
Not provided
13%
*Percentage Daily Intake per serving. Percentage Daily Intakes are based on an average adult diet of 8700 kJ. Your daily intakes may be higher or lower depending on your energy needs.
Disclaimer:
Product details, including nutritional information and country of origin, may change from time to time and so the product you receive in your order may not reflect the information on this page. Please check the packaging on any product you purchase and if it's not what you expected, feel free to return it for a full refund.
Details
Ingredients:
Roasted Peanuts (85%), Vegetable Oil (Contains Antioxidant (320)), Sugar, Salt.
Contains:
Peanuts
Allergen:
Contains Peanuts
Dietary:
No Preservatives
Servings Per Pack:
9.1
Storage Instructions:
Store in a cool, dry place.
Size:
200g
Code: 181652P
1 8 1 6 5 2 P
Customers also purchased
Bega Crunchy Peanut Butter 470g
Bega Crunchy Peanut Butter
470g
$6.40
470g $1.36 per 100G
Unit Price
Add
1
for $6.40

Vegemite Spread 150g
Vegemite Spread
150g
$3.80
150g $2.53 per 100G
Unit Price
Add
1
for $3.80

Bega Peanut Butter Smooth 200g
Bega Peanut Butter Smooth
200g
$3.50
200g $1.75 per 100G
Unit Price
Add
1
for $3.50

Bega Simply Nuts The Crunchiest Peanut Butter 650g
Bega Simply Nuts The Crunchiest Peanut Butter
650g
$8.50
Until 02 May 2023
650g $1.31 per 100G
Unit Price
Add
1
for $8.50"	['/wcsstore/Coles-CAS/images/1/8/1/181652-th.jpg', '/wcsstore/Coles-CAS/images/1/8/1/181652_L-th.jpg', '/wcsstore/Coles-CAS/images/1/8/1/181652_B-th.jpg']
St Dalfour	Thick Apricot Spread	$ 4 .50	284g	$1.58 per 100G	"Disclaimer:
Product details, including nutritional information and country of origin, may change from time to time and so the product you receive in your order may not reflect the information on this page. Please check the packaging on any product you purchase and if it's not what you expected, feel free to return it for a full refund.
Details
Country of Origin:
Made in France
Dimensions:
150 x 60 x 60mm
Size:
284g
Code: 5704394P
5 7 0 4 3 9 4 P
Customers also purchased
St Dalfour Wild Blueberry Spread 284g on special
St Dalfour Wild Blueberry Spread
284g on special
$4.50
save
$1.20
284g $1.58 per 100G
Unit Price
Add
1
for $4.50

St Dalfour Orange Marmalade 284g on special
St Dalfour Orange Marmalade
284g on special
$4.50
save
$1.20
284g $1.58 per 100G
Unit Price
Add
1
for $4.50

St Dalfour Red Raspberry Spread 284g on special
St Dalfour Red Raspberry Spread
284g on special
$4.50
save
$1.20
284g $1.58 per 100G
Unit Price
Add
1
for $4.50

St Dalfour Strawberry Spread 284g on special
St Dalfour Strawberry Spread
284g on special
$4.50
save
$1.20
284g $1.58 per 100G
Unit Price
Add
1
for $4.50"	['/wcsstore/Coles-CAS/images/5/7/0/5704394-th.jpg', '/wcsstore/Coles-CAS/images/5/7/0/5704394_L-th.jpg', '/wcsstore/Coles-CAS/images/5/7/0/5704394_R-th.jpg', '/wcsstore/Coles-CAS/images/5/7/0/5704394_B-th.jpg']
Bega	Crunchy Peanut Butter	$ 4 .40	325g	$1.35 per 100G	"Nutrition Facts
Serving size: 1 serving = 22 g ( 1 Tablespoon)
Qty
Quantity
per serving Qty
Quantity
per 100g / 100ml %
Percentage
daily intake*
Energy 583kJ 2650kJ 7%
Protein 5.6g 25.2g 11%
Total Fat 11.8g 53.6g 17%
Saturated Fat 2.3g 10.4g 10%
Trans
Less than
< 1.0g
Less than
< 1.0g
Not provided
Polyunsaturated 1.2g 5.5g
Not provided
Mono Unsaturated 8.3g 37.6g
Not provided
Carbohydrate 2.3g 10.4g 1%
Sugars 1.2g 5.3g 1%
Dietary Fibre Total 1.2g 5.5g 4%
Sodium 3mg 16mg
Less than
< 1%
Gluten Not Detected Not Detected
Not provided
Potassium 180mg 820mg
Not provided
Vitamin B3 2.7mg 12mg 27%
Magnesium 42mg 193mg 13%
*Percentage Daily Intake per serving. Percentage Daily Intakes are based on an average adult diet of 8700 kJ. Your daily intakes may be higher or lower depending on your energy needs.
Disclaimer:
Product details, including nutritional information and country of origin, may change from time to time and so the product you receive in your order may not reflect the information on this page. Please check the packaging on any product you purchase and if it's not what you expected, feel free to return it for a full refund.
Details
Ingredients:
Roasted Peanuts (91%), Vegetable Oil (Contains Antioxidant (320)).
Contains:
Peanuts.
Allergen:
Contains Peanuts
Dietary:
No Added Salt, No Added Sugars
Servings Per Pack:
14.8
Storage Instructions:
Store in a cool, dry place.
Size:
325g
Code: 1167169P
1 1 6 7 1 6 9 P"	['/wcsstore/Coles-CAS/images/1/1/6/1167169-th.jpg', '/wcsstore/Coles-CAS/images/1/1/6/1167169_B-th.jpg']
Leo	Coco Belgian Milk Chocolate & Hazelnut Spread	$ 3 .60	325g	$1.11 per 100G	"Disclaimer:
Product details, including nutritional information and country of origin, may change from time to time and so the product you receive in your order may not reflect the information on this page. Please check the packaging on any product you purchase and if it's not what you expected, feel free to return it for a full refund.
Details
Country of Origin:
Made in Belgium
Code: 4463984P
4 4 6 3 9 8 4 P
Customers also purchased
Leo Coco Belgian White Chocolate & Hazelnut Spread 325g on special
Leo Coco Belgian White Chocolate & Hazelnut Spread
325g on special
$3.60
save
$0.90
325g $1.11 per 100G
Unit Price
Add
1
for $3.60"	['/wcsstore/Coles-CAS/images/4/4/6/4463984-th.jpg', '/wcsstore/Coles-CAS/images/4/4/6/4463984_L-th.jpg', '/wcsstore/Coles-CAS/images/4/4/6/4463984_B-th.jpg']
St Dalfour	Orange Marmalade	$ 4 .50	284g	$1.58 per 100G	"Disclaimer:
Product details, including nutritional information and country of origin, may change from time to time and so the product you receive in your order may not reflect the information on this page. Please check the packaging on any product you purchase and if it's not what you expected, feel free to return it for a full refund.
Details
Country of Origin:
Made in France
Dimensions:
150 x 60 x 60mm
Size:
284g
Code: 5704317P
5 7 0 4 3 1 7 P"	['/wcsstore/Coles-CAS/images/5/7/0/5704317-th.jpg', '/wcsstore/Coles-CAS/images/5/7/0/5704317_L-th.jpg', '/wcsstore/Coles-CAS/images/5/7/0/5704317_R-th.jpg', '/wcsstore/Coles-CAS/images/5/7/0/5704317_B-th.jpg']
Bonds	Women Logo Light No Show LYQD4G Size 3-8	$ 8 .00	4 pack		"Disclaimer:
Product details, including nutritional information and country of origin, may change from time to time and so the product you receive in your order may not reflect the information on this page. Please check the packaging on any product you purchase and if it's not what you expected, feel free to return it for a full refund.
Details
Dimensions:
190 x 100 x 30mm
Size:
3+
Code: 2982539P
2 9 8 2 5 3 9 P
Customers also purchased
Bonds Womens Logo No Show L7559W Size 3-8 3 pack on special
Bonds Womens Logo No Show L7559W Size 3-8
3 pack on special
$8.00
save
$8.00
3 pack
Add
1
for $8.00

Bonds Women's Logo Low Cut L7292U Size 3-8 3 pack on special
Bonds Women's Logo Low Cut L7292U Size 3-8
3 pack on special
$8.00
save
$8.00
3 pack
Add
1
for $8.00

Bonds Bwomens Logo Light No Show LYQD4G Size 8 - 11 4 pack on special
Bonds Bwomens Logo Light No Show LYQD4G Size 8 - 11
4 pack on special
$8.00
save
$8.00
4 pack
Add
1
for $8.00"	['/wcsstore/Coles-CAS/images/2/9/8/2982539-th.jpg', '/wcsstore/Coles-CAS/images/2/9/8/2982539_L-th.jpg', '/wcsstore/Coles-CAS/images/2/9/8/2982539_B-th.jpg']
Bonds	Bwomens Logo Light No Show LYQD4G Size 8 - 11	$ 8 .00	4 pack		"Disclaimer:
Product details, including nutritional information and country of origin, may change from time to time and so the product you receive in your order may not reflect the information on this page. Please check the packaging on any product you purchase and if it's not what you expected, feel free to return it for a full refund.
Details
Dimensions:
190 x 100 x 30mm
Size:
8+
Code: 2982540P
2 9 8 2 5 4 0 P
Customers also purchased
Bonds Women's Logo Low Cut L7292U Size 8-11 3 pack on special
Bonds Women's Logo Low Cut L7292U Size 8-11
3 pack on special
$8.00
save
$8.00
3 pack
Add
1
for $8.00

Bonds Womens Logo No Show L7559W Size 3-8 3 pack on special
Bonds Womens Logo No Show L7559W Size 3-8
3 pack on special
$8.00
save
$8.00
3 pack
Add
1
for $8.00

Bonds Women Logo Light No Show LYQD4G Size 3-8 4 pack on special
Bonds Women Logo Light No Show LYQD4G Size 3-8
4 pack on special
$8.00
save
$8.00
4 pack
Add
1
for $8.00"	['/wcsstore/Coles-CAS/images/2/9/8/2982540-th.jpg', '/wcsstore/Coles-CAS/images/2/9/8/2982540_B-th.jpg']
Bonds	Logo Low Cut Size 11-14	$ 8 .00	3 pack		"Disclaimer:
Product details, including nutritional information and country of origin, may change from time to time and so the product you receive in your order may not reflect the information on this page. Please check the packaging on any product you purchase and if it's not what you expected, feel free to return it for a full refund.
Code: 7791720P
7 7 9 1 7 2 0 P
Customers also purchased
Bonds Logo Low Cut Size 6-10 3 pack on special
Bonds Logo Low Cut Size 6-10
3 pack on special
$8.00
save
$8.00
3 pack
Add
1
for $8.00

Bonds Mens Logo Light No Show SYTK4G Size 6-10 4 pack on special
Bonds Mens Logo Light No Show SYTK4G Size 6-10
4 pack on special
$8.00
save
$8.00
4 pack
Add
1
for $8.00"	['/wcsstore/Coles-CAS/images/7/7/9/7791720-th.jpg', '/wcsstore/Coles-CAS/images/7/7/9/7791720_B-th.jpg']
Bonds	Kids Logo Quarter Crew RYB33G Size 2	$ 6 .50	3 pack		"Disclaimer:
Product details, including nutritional information and country of origin, may change from time to time and so the product you receive in your order may not reflect the information on this page. Please check the packaging on any product you purchase and if it's not what you expected, feel free to return it for a full refund.
Code: 3629764P
3 6 2 9 7 6 4 P
Customers also purchased
Bonds Kids Logo Low Cut R5090W 3 pack on special
Bonds Kids Logo Low Cut R5090W
3 pack on special
$6.50
save
$6.50
3 pack
Add
1
for $6.50

Bonds Kids Logo Light 1/4 Crew RYPM4G Size 13-3 4 pack on special
Bonds Kids Logo Light 1/4 Crew RYPM4G Size 13-3
4 pack on special
$6.50
save
$6.50
4 pack
Add
1
for $6.50

Bonds Kids Logo Light Quarter Crew RYPM4G Size 2-8 4 Pack on special
Bonds Kids Logo Light Quarter Crew RYPM4G Size 2-8
4 Pack on special
$6.50
save
$6.50
4 Pack
Add
1
for $6.50

Bonds Kids Logo 1/4 Crew RYB33G 3 pack on special
Bonds Kids Logo 1/4 Crew RYB33G
3 pack on special
$6.50
save
$6.50
3 pack
Add
1
for $6.50

Kids Logo Quarter Crew RYB33G Size 2"	['/wcsstore/Coles-CAS/images/3/6/2/3629764-th.jpg', '/wcsstore/Coles-CAS/images/3/6/2/3629764_L-th.jpg', '/wcsstore/Coles-CAS/images/3/6/2/3629764_R-th.jpg', '/wcsstore/Coles-CAS/images/3/6/2/3629764_B-th.jpg']
Bonds	Logo Low Cut Size 6-10	$ 8 .00	3 pack		"Disclaimer:
Product details, including nutritional information and country of origin, may change from time to time and so the product you receive in your order may not reflect the information on this page. Please check the packaging on any product you purchase and if it's not what you expected, feel free to return it for a full refund.
Details
Dimensions:
237 x 113 x 35mm
Code: 7665420P
7 6 6 5 4 2 0 P
Customers also purchased
Bonds Logo Low Cut Size 11-14 3 pack on special
Bonds Logo Low Cut Size 11-14
3 pack on special
$8.00
save
$8.00
3 pack
Add
1
for $8.00

Bonds Mens Logo Light No Show SYTK4G Size 6-10 4 pack on special
Bonds Mens Logo Light No Show SYTK4G Size 6-10
4 pack on special
$8.00
save
$8.00
4 pack
Add
1
for $8.00"	['/wcsstore/Coles-CAS/images/7/6/6/7665420-th.jpg', '/wcsstore/Coles-CAS/images/7/6/6/7665420_B-th.jpg']
Bonds	Kids Logo Light 1/4 Crew RYPM4G Size 13-3	$ 6 .50	4 pack		"Disclaimer:
Product details, including nutritional information and country of origin, may change from time to time and so the product you receive in your order may not reflect the information on this page. Please check the packaging on any product you purchase and if it's not what you expected, feel free to return it for a full refund.
Code: 2982277P
2 9 8 2 2 7 7 P"	[]
Bonds Womens Undershort	WOMENS UNDERSHORT SIZE 12/14	$ 8 .00	1 pack		"Disclaimer:
Product details, including nutritional information and country of origin, may change from time to time and so the product you receive in your order may not reflect the information on this page. Please check the packaging on any product you purchase and if it's not what you expected, feel free to return it for a full refund.
Code: 5567511P
5 5 6 7 5 1 1 P
Customers also purchased
Bonds 1089s Ladies Bikini Briefs Size 12 2 pack on special
Bonds 1089s Ladies Bikini Briefs Size 12
2 pack on special
$12.00
save
$12.00
2 pack
Add
1
for $12.00"	['/wcsstore/Coles-CAS/images/5/5/6/5567511-th.jpg', '/wcsstore/Coles-CAS/images/5/5/6/5567511_B-th.jpg']
Bonds	Kids Logo Low Cut R5090W	$ 6 .50	3 pack		"Disclaimer:
Product details, including nutritional information and country of origin, may change from time to time and so the product you receive in your order may not reflect the information on this page. Please check the packaging on any product you purchase and if it's not what you expected, feel free to return it for a full refund.
Code: 7665500P
7 6 6 5 5 0 0 P
Customers also purchased
Bonds Kids Logo Light 1/4 Crew RYPM4G Size 13-3 4 pack on special
Bonds Kids Logo Light 1/4 Crew RYPM4G Size 13-3
4 pack on special
$6.50
save
$6.50
4 pack
Add
1
for $6.50

Bonds Kids Logo Light Quarter Crew RYPM4G Size 2-8 4 Pack on special
Bonds Kids Logo Light Quarter Crew RYPM4G Size 2-8
4 Pack on special
$6.50
save
$6.50
4 Pack
Add
1
for $6.50

Bonds Kids Logo Quarter Crew RYB33G Size 2 3 pack on special
Bonds Kids Logo Quarter Crew RYB33G Size 2
3 pack on special
$6.50
save
$6.50
3 pack
5.0 (3)
5.0 out of 5 stars from 3 ratings received
Add
1
for $6.50

Bonds Kids Logo 1/4 Crew RYB33G 3 pack on special
Bonds Kids Logo 1/4 Crew RYB33G
3 pack on special
$6.50
save
$6.50
3 pack
Add
1
for $6.50"	[]
Bonds	Women's Logo Low Cut L7292U Size 3-8	$ 8 .00	3 pack		"Disclaimer:
Product details, including nutritional information and country of origin, may change from time to time and so the product you receive in your order may not reflect the information on this page. Please check the packaging on any product you purchase and if it's not what you expected, feel free to return it for a full refund.
Details
Dimensions:
220 x 100 x 40mm
Size:
3+
Code: 7790921P
7 7 9 0 9 2 1 P
Customers also purchased
Bonds Women's Logo Low Cut L7292U Size 8-11 3 pack on special
Bonds Women's Logo Low Cut L7292U Size 8-11
3 pack on special
$8.00
save
$8.00
3 pack
Add
1
for $8.00

Mix Women's Home Size 5-11 2 pack
Mix Women's Home Size 5-11
2 pack
$9.00
Until 29 Aug 2023
2 pack $4.50 per 1Ea
Unit Price
Add
1
for $9.00

Bonds Women Logo Light No Show LYQD4G Size 3-8 4 pack on special
Bonds Women Logo Light No Show LYQD4G Size 3-8
4 pack on special
$8.00
save
$8.00
4 pack
Add
1
for $8.00

Bonds Womens Sport Tech No Show 3+ 2 pack on special
Bonds Womens Sport Tech No Show 3+
2 pack on special
$8.00
save
$8.00
2 pack
Add
1
for $8.00"	[]
Bonds	Kids Logo Light Quarter Crew RYPM4G Size 2-8	$ 6 .50	4 Pack		"Disclaimer:
Product details, including nutritional information and country of origin, may change from time to time and so the product you receive in your order may not reflect the information on this page. Please check the packaging on any product you purchase and if it's not what you expected, feel free to return it for a full refund.
Code: 2982288P
2 9 8 2 2 8 8 P
Customers also purchased
Bonds Kids Logo Low Cut R5090W 3 pack on special
Bonds Kids Logo Low Cut R5090W
3 pack on special
$6.50
save
$6.50
3 pack
Add
1
for $6.50

Bonds Kids Logo Light 1/4 Crew RYPM4G Size 13-3 4 pack on special
Bonds Kids Logo Light 1/4 Crew RYPM4G Size 13-3
4 pack on special
$6.50
save
$6.50
4 pack
Add
1
for $6.50

Bonds Kids Logo Quarter Crew RYB33G Size 2 3 pack on special
Bonds Kids Logo Quarter Crew RYB33G Size 2
3 pack on special
$6.50
save
$6.50
3 pack
5.0 (3)
5.0 out of 5 stars from 3 ratings received
Add
1
for $6.50

Bonds Kids Logo 1/4 Crew RYB33G 3 pack on special
Bonds Kids Logo 1/4 Crew RYB33G
3 pack on special
$6.50
save
$6.50
3 pack
Add
1
for $6.50"	[]
Bonds	1089s Ladies Bikini Briefs Size 12	$ 12 .00	2 pack		"Disclaimer:
Product details, including nutritional information and country of origin, may change from time to time and so the product you receive in your order may not reflect the information on this page. Please check the packaging on any product you purchase and if it's not what you expected, feel free to return it for a full refund.
Details
Dimensions:
190 x 100 x 30mm
Size:
12
Code: 3629797P
3 6 2 9 7 9 7 P
Customers also purchased
Bonds 1089s Ladies Bikini Briefs Size 8/10 2 pack on special
Bonds 1089s Ladies Bikini Briefs Size 8/10
2 pack on special
$12.00
save
$12.00
2 pack $6.00 per 1Ea
Unit Price
NEW
Add
1
for $12.00"	['/wcsstore/Coles-CAS/images/3/6/2/3629797-th.jpg', '/wcsstore/Coles-CAS/images/3/6/2/3629797_B-th.jpg']
Bonds	Kids Logo 1/4 Crew RYB33G	$ 6 .50	3 pack		"Disclaimer:
Product details, including nutritional information and country of origin, may change from time to time and so the product you receive in your order may not reflect the information on this page. Please check the packaging on any product you purchase and if it's not what you expected, feel free to return it for a full refund.
Details
Dimensions:
255 x 130 x 30mm
Size:
13-Mar
Code: 3629753P
3 6 2 9 7 5 3 P
Customers also purchased
Bonds Kids Logo Low Cut R5090W 3 pack on special
Bonds Kids Logo Low Cut R5090W
3 pack on special
$6.50
save
$6.50
3 pack
Add
1
for $6.50

Bonds Kids Logo Light 1/4 Crew RYPM4G Size 13-3 4 pack on special
Bonds Kids Logo Light 1/4 Crew RYPM4G Size 13-3
4 pack on special
$6.50
save
$6.50
4 pack
Add
1
for $6.50

Bonds Kids Logo Light Quarter Crew RYPM4G Size 2-8 4 Pack on special
Bonds Kids Logo Light Quarter Crew RYPM4G Size 2-8
4 Pack on special
$6.50
save
$6.50
4 Pack
Add
1
for $6.50

Bonds Kids Logo Quarter Crew RYB33G Size 2 3 pack on special
Bonds Kids Logo Quarter Crew RYB33G Size 2
3 pack on special
$6.50
save
$6.50
3 pack
5.0 (3)
5.0 out of 5 stars from 3 ratings received
Add
1
for $6.50"	['/wcsstore/Coles-CAS/images/3/6/2/3629753-th.jpg', '/wcsstore/Coles-CAS/images/3/6/2/3629753_B-th.jpg']
Bonds	Men's Guyfront Trunk Size XL	$ 12 .50	1 pack	$12.50 per 1Ea	"Disclaimer:
Product details, including nutritional information and country of origin, may change from time to time and so the product you receive in your order may not reflect the information on this page. Please check the packaging on any product you purchase and if it's not what you expected, feel free to return it for a full refund.
Code: 3764817P
3 7 6 4 8 1 7 P
Customers also purchased
Bonds Mens Active Fit Trunk MXQ6G Size S/M 1 pack on special
Bonds Mens Active Fit Trunk MXQ6G Size S/M
1 pack on special
$12.50
save
$12.50
1 pack $12.50 per 1Ea
Unit Price
Add
1
for $12.50

Bonds Mens Active Fit Trunk MXQ6G Size L/XL 1 pack on special
Bonds Mens Active Fit Trunk MXQ6G Size L/XL
1 pack on special
$12.50
save
$12.50
1 pack $12.50 per 1Ea
Unit Price
Add
1
for $12.50"	['/wcsstore/Coles-CAS/images/3/7/6/3764817-th.jpg', '/wcsstore/Coles-CAS/images/3/7/6/3764817_B-th.jpg']
Bonds	Mens Guyfront Trunk Assorted Small	$ 12 .50	1 pack	$12.50 per 1Ea	"Disclaimer:
Product details, including nutritional information and country of origin, may change from time to time and so the product you receive in your order may not reflect the information on this page. Please check the packaging on any product you purchase and if it's not what you expected, feel free to return it for a full refund.
Code: 4962532P
4 9 6 2 5 3 2 P
Customers also purchased
Bonds Men's Guyfront Trunk Size XL 1 pack on special
Bonds Men's Guyfront Trunk Size XL
1 pack on special
$12.50
save
$12.50
1 pack $12.50 per 1Ea
Unit Price
Add
1
for $12.50"	['/wcsstore/Coles-CAS/images/4/9/6/4962532-th.jpg', '/wcsstore/Coles-CAS/images/4/9/6/4962532_B-th.jpg']
Bonds	Womens Midi Seamfree Assorted 14	$ 13 .00	2 pack		"Disclaimer:
Product details, including nutritional information and country of origin, may change from time to time and so the product you receive in your order may not reflect the information on this page. Please check the packaging on any product you purchase and if it's not what you expected, feel free to return it for a full refund.
Code: 4962656P
4 9 6 2 6 5 6 P"	[]
Bonds	Womens Undershort Size 14/16	$ 8 .00	1 pack	$8.00 per 1Ea	"Disclaimer:
Product details, including nutritional information and country of origin, may change from time to time and so the product you receive in your order may not reflect the information on this page. Please check the packaging on any product you purchase and if it's not what you expected, feel free to return it for a full refund.
Code: 5567894P
5 5 6 7 8 9 4 P
Customers also purchased
Bonds 1089s Ladies Bikini Briefs Size 12 2 pack on special
Bonds 1089s Ladies Bikini Briefs Size 12
2 pack on special
$12.00
save
$12.00
2 pack
Add
1
for $12.00"	['/wcsstore/Coles-CAS/images/5/5/6/5567894-th.jpg', '/wcsstore/Coles-CAS/images/5/5/6/5567894_B-th.jpg']
Bonds	Mens Guyfront Trunk Mzvjs Large	$ 12 .50	1 pack		"Disclaimer:
Product details, including nutritional information and country of origin, may change from time to time and so the product you receive in your order may not reflect the information on this page. Please check the packaging on any product you purchase and if it's not what you expected, feel free to return it for a full refund.
Code: 5215343P
5 2 1 5 3 4 3 P
Customers also purchased
Bonds Mens Active Fit Trunk MXQ6G Size S/M 1 pack on special
Bonds Mens Active Fit Trunk MXQ6G Size S/M
1 pack on special
$12.50
save
$12.50
1 pack $12.50 per 1Ea
Unit Price
Add
1
for $12.50

Bonds Men's Guyfront Trunk Size XL 1 pack on special
Bonds Men's Guyfront Trunk Size XL
1 pack on special
$12.50
save
$12.50
1 pack $12.50 per 1Ea
Unit Price
Add
1
for $12.50"	['/wcsstore/Coles-CAS/images/5/2/1/5215343-th.jpg', '/wcsstore/Coles-CAS/images/5/2/1/5215343_B-th.jpg']
Bonds	Women's Logo Low Cut L7292U Size 8-11	$ 8 .00	3 pack		"Disclaimer:
Product details, including nutritional information and country of origin, may change from time to time and so the product you receive in your order may not reflect the information on this page. Please check the packaging on any product you purchase and if it's not what you expected, feel free to return it for a full refund.
Details
Dimensions:
220 x 100 x 40mm
Size:
8+
Code: 7790965P
7 7 9 0 9 6 5 P
Customers also purchased
Bonds Women's Logo Low Cut L7292U Size 3-8 3 pack on special
Bonds Women's Logo Low Cut L7292U Size 3-8
3 pack on special
$8.00
save
$8.00
3 pack
Add
1
for $8.00

Bonds Bwomens Logo Light No Show LYQD4G Size 8 - 11 4 pack on special
Bonds Bwomens Logo Light No Show LYQD4G Size 8 - 11
4 pack on special
$8.00
save
$8.00
4 pack
Add
1
for $8.00

Bonds Womens Sport Tech No Show 3+ 2 pack on special
Bonds Womens Sport Tech No Show 3+
2 pack on special
$8.00
save
$8.00
2 pack
Add
1
for $8.00"	['/wcsstore/Coles-CAS/images/7/7/9/7790965-th.jpg', '/wcsstore/Coles-CAS/images/7/7/9/7790965_B-th.jpg']
Bonds	Kids Logo Low Cut R5090W	$ 6 .50	3 pack		"Disclaimer:
Product details, including nutritional information and country of origin, may change from time to time and so the product you receive in your order may not reflect the information on this page. Please check the packaging on any product you purchase and if it's not what you expected, feel free to return it for a full refund.
Details
Dimensions:
180 x 100 x 35mm
Size:
9-Dec
Code: 7665475P
7 6 6 5 4 7 5 P
Customers also purchased
Bonds Kids Logo Low Cut R5090W 3 pack on special
Bonds Kids Logo Low Cut R5090W
3 pack on special
$6.50
save
$6.50
3 pack
Add
1
for $6.50

Bonds Kids Logo Light 1/4 Crew RYPM4G Size 13-3 4 pack on special
Bonds Kids Logo Light 1/4 Crew RYPM4G Size 13-3
4 pack on special
$6.50
save
$6.50
4 pack
Add
1
for $6.50

Bonds Kids Logo Light Quarter Crew RYPM4G Size 2-8 4 Pack on special
Bonds Kids Logo Light Quarter Crew RYPM4G Size 2-8
4 Pack on special
$6.50
save
$6.50
4 Pack
Add
1
for $6.50

Bonds Kids Logo 1/4 Crew RYB33G 3 pack on special
Bonds Kids Logo 1/4 Crew RYB33G
3 pack on special
$6.50
save
$6.50
3 pack
Add
1
for $6.50"	[]
Bonds	Womens Logo No Show L7559W Size 3-8	$ 8 .00	3 pack		"Disclaimer:
Product details, including nutritional information and country of origin, may change from time to time and so the product you receive in your order may not reflect the information on this page. Please check the packaging on any product you purchase and if it's not what you expected, feel free to return it for a full refund.
Details
Dimensions:
199 x 93 x 36mm
Size:
3+
Code: 6363051P
6 3 6 3 0 5 1 P
Customers also purchased
Bonds Women Logo Light No Show LYQD4G Size 3-8 4 pack on special
Bonds Women Logo Light No Show LYQD4G Size 3-8
4 pack on special
$8.00
save
$8.00
4 pack
Add
1
for $8.00

Bonds Bwomens Logo Light No Show LYQD4G Size 8 - 11 4 pack on special
Bonds Bwomens Logo Light No Show LYQD4G Size 8 - 11
4 pack on special
$8.00
save
$8.00
4 pack
Add
1
for $8.00"	[]
Bonds	1089s Ladies Bikini Briefs Size 8/10	$ 12 .00	2 pack	$6.00 per 1Ea	"Disclaimer:
Product details, including nutritional information and country of origin, may change from time to time and so the product you receive in your order may not reflect the information on this page. Please check the packaging on any product you purchase and if it's not what you expected, feel free to return it for a full refund.
Details
Dimensions:
190 x 100 x 30mm
Size:
10
Code: 3629786P
3 6 2 9 7 8 6 P
Customers also purchased
Bonds 1089s Ladies Bikini Briefs Size 12 2 pack on special
Bonds 1089s Ladies Bikini Briefs Size 12
2 pack on special
$12.00
save
$12.00
2 pack
Add
1
for $12.00"	['/wcsstore/Coles-CAS/images/3/6/2/3629786-th.jpg', '/wcsstore/Coles-CAS/images/3/6/2/3629786_L-th.jpg', '/wcsstore/Coles-CAS/images/3/6/2/3629786_R-th.jpg', '/wcsstore/Coles-CAS/images/3/6/2/3629786_B-th.jpg']
Bonds	Womens Modern Cottontails Assorted 14	$ 11 .00	2 pack	$5.50 per 1Ea	"Disclaimer:
Product details, including nutritional information and country of origin, may change from time to time and so the product you receive in your order may not reflect the information on this page. Please check the packaging on any product you purchase and if it's not what you expected, feel free to return it for a full refund.
Code: 4962576P
4 9 6 2 5 7 6 P
Customers also purchased
Bonds Women's Cottontails Original WOM221 Size 18 & 20 2 pack on special
Bonds Women's Cottontails Original WOM221 Size 18 & 20
2 pack on special
$8.50
save
$8.50
2 pack
Add
1
for $8.50"	['/wcsstore/Coles-CAS/images/4/9/6/4962576-th.jpg', '/wcsstore/Coles-CAS/images/4/9/6/4962576_L-th.jpg', '/wcsstore/Coles-CAS/images/4/9/6/4962576_R-th.jpg', '/wcsstore/Coles-CAS/images/4/9/6/4962576_B-th.jpg']
Bonds Mens Quarter Crew	MENS QUARTER CREW LOGO SIZE 11+	$ 8 .00	3 pack		"Disclaimer:
Product details, including nutritional information and country of origin, may change from time to time and so the product you receive in your order may not reflect the information on this page. Please check the packaging on any product you purchase and if it's not what you expected, feel free to return it for a full refund.
Details
Dimensions:
300 x 140 x 40mm
Size:
6+
Code: 5567908P
5 5 6 7 9 0 8 P
Customers also purchased
Bonds Mens X-Temp Quarter Crew 6+ 3 pack on special
Bonds Mens X-Temp Quarter Crew 6+
3 pack on special
$8.00
save
$8.00
3 pack $2.67 per 1Ea
Unit Price
Add
1
for $8.00"	['/wcsstore/Coles-CAS/images/5/5/6/5567908-th.jpg', '/wcsstore/Coles-CAS/images/5/5/6/5567908_B-th.jpg']
Nivea	Sun SPF 50+ Kids Caring Roll On Sunscreen Lotion	$ 14 .00	65mL	$21.54 per 100mL	"Disclaimer:
Product details, including nutritional information and country of origin, may change from time to time and so the product you receive in your order may not reflect the information on this page. Please check the packaging on any product you purchase and if it's not what you expected, feel free to return it for a full refund.
Details
Ingredients:
Zinc oxide 50 mg/g, Methylene bis-benzotriazolyl tetramethylbutyl phenol 25 mg/g, Bemotrizinol 20 mg/g, 4-methylbenzylidene camphor 10 mg/g. Contains: Phenoxyethanol, 1,2-Hexanediol, Caprylyl Glycol.
Contains:
Phenoxyethanol, 1,2-Hexanediol, Caprylyl Glycol SPF 50 Lotion
Storage Instructions:
Store below 30C
Suitable for:
Everyday use
Usage Instructions:
Always apply 20 minutes before sun exposure. Apply liberally and evenly to exposed skin, Avoid contact with the eyes. Reapply regularly, also after swimming or towelling. Avoid intense midday sun and prolonged exposure to the sun. T-shirts, sunglasses and wide-brimmed hats should be worn. If irritation develops, discontinue use. Avoid direct contact with fabrics and hard surfaces to prevent staining.
Size:
65mL
Warning:
DIRECTIONS FOR USE: Always apply 20 minutes before sun exposure. Apply liberally and evenly to exposed skin. Avoid contact with the eyes. Reapply regularly, also after swimming or towelling. Avoid intensive midday sun and prolonged exposure to the sun. T-shirts, sunglasses and wide-brimmed hats should be worn. If irritation develops, discontinue use. Avoid direct contact with fabrics and hard surfaces to prevent staining. ALWAYS READ THE LABEL AND FOLLOW THE DIRECTIONS FOR USE. SUNSCREENS ARE ONLY ONE PART OF SUN PROTECTION. AVOID PROLONGED HIGH-RISK SUN EXPOSURE. REAPPLY FREQUENTLY.
Code: 9870941P
9 8 7 0 9 4 1 P
Customers also purchased
Nivea Sun SPF 50+ Sunscreen Ultra Sport Spray 200mL
Nivea Sun SPF 50+ Sunscreen Ultra Sport Spray
200mL
$22.00
200mL $11.00 per 100mL
Unit Price
1.0 (1)
1.0 out of 5 stars from 1 ratings received
Add
1
for $22.00

Nivea Sun SPF 50+ Trigger Spray Sunscreen 300mL
Nivea Sun SPF 50+ Trigger Spray Sunscreen
300mL
$26.00
300mL $8.67 per 100mL
Unit Price
Add
1
for $26.00

Nivea Sun SPF 50+ UV Face Shine Control 50mL
Nivea Sun SPF 50+ UV Face Shine Control
50mL
$17.00
50mL $34.00 per 100mL
Unit Price
Add
1
for $17.00

Nivea Sun SPF 50+ Sunscreen Spray Ultra Sport 300mL
Nivea Sun SPF 50+ Sunscreen Spray Ultra Sport
300mL
$26.00
300mL $8.67 per 100mL
Unit Price
Add
1
for $26.00"	['/wcsstore/Coles-CAS/images/9/8/7/9870941-th.jpg', '/wcsstore/Coles-CAS/images/9/8/7/9870941_B-th.jpg']
Nature's Way	Kids Smart Gummies Multi-Vitamin +Vegies	$ 30 .00	120 pack	$0.25 per 1Ea	"Disclaimer:
Product details, including nutritional information and country of origin, may change from time to time and so the product you receive in your order may not reflect the information on this page. Please check the packaging on any product you purchase and if it's not what you expected, feel free to return it for a full refund.
Details
Ingredients:
Each Pastille (soft gummie) contains: Retinol palmitate 366 micrograms equiv. to Vitamin A 200 micrograms RE Nicotinamide 4.5 mg Pyridoxine hydrochloride 608 micrograms equiv. to Pyridoxine (Vitamin B6) 500 micrograms Cyanocobalamin (Vitamin B12) 0.25 microgram Ascorbic acid (Vitamin C) 15 mg Colecalciferol (Vitamin D3 50 IU) 1.25 micrograms dl-alpha-Tocopheryl acetate (Vitamin E 2.5 IU) 2.5 mg Biotin (Vitamin H) 37.5 micrograms Spinacia oleracea (Spinach) leaf powder 5 mg Daucus carota (Carrot) root powder 5 mg Beta vulgaris (Beetroot) root powder 5 mg Cynara scolymus (Artichoke) flower bud powder 5 mg
Contains:
Sugars, gluten and sulfites 120 Pack
Storage Instructions:
Protect from moisture, store below 25C
Suitable for:
Suitable for children 2+
Usage Instructions:
Children 2-3 years: Give one pastille per day Children 4-11 years: Give two pastilles per day. Or as advised by your health professional Vitamin A supplements should not be taken during pregnancy or before becoming pregnant without consulting with your doctor. Vitamins and minerals can only be of assistance if dietary intake is inadequate. Protect from moisture. Store below 25C
Size:
120 Pack
Warning:
Contains sugars, gluten and sulfites. Vitamins can only be of assistance if the dietary vitamin intake is inadequate. Not to be used in children under 2 years. Do not use if tamper evident seal is broken or missing. Protect from moisture. Store below 25C. Always read the label and follow directions for use.
Code: 8097221P
8 0 9 7 2 2 1 P"	['/wcsstore/Coles-CAS/images/8/0/9/8097221-th.jpg', '/wcsstore/Coles-CAS/images/8/0/9/8097221_L-th.jpg', '/wcsstore/Coles-CAS/images/8/0/9/8097221_B-th.jpg']
Sorbent	4 Ply Pocket Pack White Facial Tissues	$ 2 .20	6 pack	$0.37 per 1Ea	"Disclaimer:
Product details, including nutritional information and country of origin, may change from time to time and so the product you receive in your order may not reflect the information on this page. Please check the packaging on any product you purchase and if it's not what you expected, feel free to return it for a full refund.
Code: 5834527P
5 8 3 4 5 2 7 P
Customers also purchased
Kleenex Everyday On The Go Facial Tissues Soft Pack 60 pack
Kleenex Everyday On The Go Facial Tissues Soft Pack
60 pack
$1.80
60 pack $3.00 per 100Ea
Unit Price
1.0 (1)
1.0 out of 5 stars from 1 ratings received
Add
1
for $1.80

Sorbent Hypo Allergenic White Facial Tissues 200 pack
Sorbent Hypo Allergenic White Facial Tissues
200 pack
$2.70
200 pack $0.01 per 1Ea
Unit Price
Add
1
for $2.70

Quilton 3 Ply Soft & Thick Aloe vera Facial Tissues 95 pack
Quilton 3 Ply Soft & Thick Aloe vera Facial Tissues
95 pack
$2.50
95 pack $2.63 per 100Ea
Unit Price
Add
1
for $2.50

Kleenex Everyday 2 Ply Facial Tissues Cube 85 pack
Kleenex Everyday 2 Ply Facial Tissues Cube
85 pack
$3.00
85 pack $0.04 per 1Ea
Unit Price
4.3 (235)
4.3 out of 5 stars from 235 ratings received
Add
1
for $3.00"	['/wcsstore/Coles-CAS/images/5/8/3/5834527-th.jpg', '/wcsstore/Coles-CAS/images/5/8/3/5834527_L-th.jpg', '/wcsstore/Coles-CAS/images/5/8/3/5834527_R-th.jpg', '/wcsstore/Coles-CAS/images/5/8/3/5834527_B-th.jpg']
Nature's Way	Kids Smart Vita Gummies Multi-Vitamin	$ 16 .50	60 pack	$0.28 per 1Ea	"Disclaimer:
Product details, including nutritional information and country of origin, may change from time to time and so the product you receive in your order may not reflect the information on this page. Please check the packaging on any product you purchase and if it's not what you expected, feel free to return it for a full refund.
Details
Ingredients:
Each Pastille (soft gummie) contains: Retinol palmitate 366 micrograms equiv. to Vitamin A 200 micrograms RE Nicotinamide 4.5 mg Pyridoxine hydrochloride 608 micrograms equiv. to Pyridoxine (Vitamin B6) 500 micrograms Cyanocobalamin (Vitamin B12) 0.25 microgram Ascorbic acid (Vitamin C) 15 mg Colecalciferol (Vitamin D3 50 IU) 1.25 micrograms dl-alpha-Tocopheryl acetate (Vitamin E 2.5 IU) 2.5 mg Biotin (Vitamin H) 37.5 micrograms Spinacia oleracea (Spinach) leaf powder 5 mg Daucus carota (Carrot) root powder 5 mg Beta vulgaris (Beetroot) root powder 5 mg Cynara scolymus (Artichoke) flower bud powder 5 mg
Contains:
Sulfites, sugars and gluten. 60 Pastilles
Storage Instructions:
Protect from moisture, store below 25C
Suitable for:
Children 2-11 Years old
Usage Instructions:
Children 2-3 years: Give one pastille per day Children 4-11 years: Give two pastilles per day. Or as advised by your health professional Vitamin A supplements should not be taken during pregnancy or before becoming pregnant without consulting with your doctor. Children 2-3 years: Give one pastille per day Children 4-11 years: Give two pastilles per day. Or as advised by your health professional Vitamin A supplements should not be taken during pregnancy or before becoming pregnant without consulting with your doctor. Vitamins and minerals can only be of assistance if dietary intake is inadequate. Protect from moisture. Store below 25C
Size:
60 Pack
Warning:
Contains sugars, gluten and sulfites. Vitamins can only be of assistance if dietary vitamin intake is inadequate. Not to be used in children under 2 years of age. Do not use if tamper evident seal is broken or missing. Protect from moisture. Store below 25C. Always read the label. Follow the directions for use. Contains sulfites, sugars and gluten.
Code: 7969028P
7 9 6 9 0 2 8 P
Customers also purchased
Nature's Way Kids Smart Vita Gummies Calcium 60 pack
Nature's Way Kids Smart Vita Gummies Calcium
60 pack
$16.50
60 pack $0.28 per 1Ea
Unit Price
Add
1
for $16.50

Nature's Way Kids Smart Vita Gummies Omega 60 pack
Nature's Way Kids Smart Vita Gummies Omega
60 pack
$16.50
60 pack $0.28 per 1Ea
Unit Price
Add
1
for $16.50

Nature's Way Kids Smart Vita Gummies Vitamin C 60 pack
Nature's Way Kids Smart Vita Gummies Vitamin C
60 pack
$16.50
60 pack $0.28 per 1Ea
Unit Price
Add
1
for $16.50

Nature's Way Kids Gummies Immunity
Nature's Way Kids Gummies Immunity
$16.50
$0.28 per 1Ea
Unit Price
Add
1
for $16.50"	[]
Nature's Way	Kids Smart Vita Gummies Vitamin C + Zinc	$ 30 .00	120 pack	$0.25 per 1Ea	"Disclaimer:
Product details, including nutritional information and country of origin, may change from time to time and so the product you receive in your order may not reflect the information on this page. Please check the packaging on any product you purchase and if it's not what you expected, feel free to return it for a full refund.
Details
Ingredients:
Each Pastille (soft gummie) contains: Ascorbic Acid (Vitamin C) 30 mg Zinc (as Zinc Sulfate Monohydrate) 2.5 mg
Contains:
Sugars, gluten and sulfites 120 Pack
Storage Instructions:
Protect from moisture, store below 25C
Suitable for:
Suitable for children 2+
Usage Instructions:
Children 2+ years: Give two pastilles per day or as advised by your health professional. Vitamins and minerals can only be of assistance if dietary intake is inadequate. Protect from moisture. Store below 25C
Size:
120 Pack
Warning:
Vitamins and minerals can only be of assistance if the dietary vitamin intake is inadequate. Not to be used in children under 2 years. Contains sugars, gluten and sulfites. Do not use if tamper evident seal is broken or missing. Protect from moisture. Store below 25C. Always read the label and follow directions for use.
Code: 3629072P
3 6 2 9 0 7 2 P
Customers also purchased
Nature's Way Kids Smart Gummies Multi-Vitamin +Vegies 120 pack
Nature's Way Kids Smart Gummies Multi-Vitamin +Vegies
120 pack
$30.00
120 pack $0.25 per 1Ea
Unit Price
Add
1
for $30.00

Nature's Way Kids Smart Vita Gummies Calcium 60 pack
Nature's Way Kids Smart Vita Gummies Calcium
60 pack
$16.50
60 pack $0.28 per 1Ea
Unit Price
Add
1
for $16.50

Nature's Way Kids Smart Vita Gummies Multi-Vitamin 60 pack
Nature's Way Kids Smart Vita Gummies Multi-Vitamin
60 pack
$16.50
60 pack $0.28 per 1Ea
Unit Price
Add
1
for $16.50

Nature's Way Kids Smart Gummies Iron + Vitamin 60 pack
Nature's Way Kids Smart Gummies Iron + Vitamin
60 pack
$16.50
60 pack $0.28 per 1Ea
Unit Price
Add
1
for $16.50"	['/wcsstore/Coles-CAS/images/3/6/2/3629072-th.jpg', '/wcsstore/Coles-CAS/images/3/6/2/3629072_L-th.jpg', '/wcsstore/Coles-CAS/images/3/6/2/3629072_B-th.jpg']
Nature's Way	Kids Smart Vita Gummies Calcium	$ 16 .50	60 pack	$0.28 per 1Ea	"Disclaimer:
Product details, including nutritional information and country of origin, may change from time to time and so the product you receive in your order may not reflect the information on this page. Please check the packaging on any product you purchase and if it's not what you expected, feel free to return it for a full refund.
Details
Ingredients:
Each Pastille (soft gummie) contains: Calcium (as Calcium Phosphate) 100 mg Colecalciferol (Vitamin D3 200 IU) 5 micrograms
Contains:
Gluten, sugars, soya bean products and sulfites. 60 Pastilles
Storage Instructions:
Protect from moisture, store below 25C
Suitable for:
Children 2-11 years old
Usage Instructions:
Children 2-8 years: Give two pastilles per day. Children 9-11 years: Give three pastilles per day. Or as advised by your health professional Vitamins and minerals can only be of assistance if dietary intake is inadequate. Protect from moisture. Store below 25 C.
Size:
60 Pack
Warning:
Vitamins and minerals can only be of assistance if dietary intake is inadequate. Not to be used in children under 2 years of age. Do not use if tamper evident seal is broken or missing. Protect from moisture. Store below 25C. Always read the label and follow the directions for use.
Code: 9114020P
9 1 1 4 0 2 0 P
Customers also purchased
Nature's Way Kids Smart Gummies Multi-Vitamin +Vegies 120 pack
Nature's Way Kids Smart Gummies Multi-Vitamin +Vegies
120 pack
$30.00
120 pack $0.25 per 1Ea
Unit Price
Add
1
for $30.00

Nature's Way Kids Smart Vita Gummies Multi-Vitamin 60 pack
Nature's Way Kids Smart Vita Gummies Multi-Vitamin
60 pack
$16.50
60 pack $0.28 per 1Ea
Unit Price
Add
1
for $16.50

Nature's Way Kids Gummies Immunity
Nature's Way Kids Gummies Immunity
$16.50
$0.28 per 1Ea
Unit Price
Add
1
for $16.50

Nature's Way Kids Smart Gummies Iron + Vitamin 60 pack
Nature's Way Kids Smart Gummies Iron + Vitamin
60 pack
$16.50
60 pack $0.28 per 1Ea
Unit Price
Add
1
for $16.50"	['/wcsstore/Coles-CAS/images/9/1/1/9114020-th.jpg', '/wcsstore/Coles-CAS/images/9/1/1/9114020_L-th.jpg', '/wcsstore/Coles-CAS/images/9/1/1/9114020_B-th.jpg']
Nature's Way	Kids Smart Vita Gummies Vitamin C	$ 16 .50	60 pack	$0.28 per 1Ea	"Disclaimer:
Product details, including nutritional information and country of origin, may change from time to time and so the product you receive in your order may not reflect the information on this page. Please check the packaging on any product you purchase and if it's not what you expected, feel free to return it for a full refund.
Details
Ingredients:
Each Pastille (soft gummie) contains: Ascorbic Acid (Vitamin C) 30 mg Zinc (as Zinc Sulfate Monohydrate) 2.5 mg
Contains:
Sugars, gluten and sulfites 60 Pack
Storage Instructions:
Protect from moisture, store below 25C
Suitable for:
Children 2+ Years
Usage Instructions:
Children 2+ years: Give two pastilles per day or as advised by your health professional. Vitamin supplements should not replace a balanced diet. Protect from moisture. Store below 25 C
Size:
60 Pack
Warning:
Vitamins and minerals can only be of assistance if the dietary vitamin intake is inadequate. Not to be used in children under 2 years. Contains sugars, gluten and sulfites. Do not use if tamper evident seal is broken or missing. Protect from moisture. Store below 25C. Always read the label and follow directions for use.
Code: 7969061P
7 9 6 9 0 6 1 P
Customers also purchased
Nature's Way Kids Smart Vita Gummies Calcium 60 pack
Nature's Way Kids Smart Vita Gummies Calcium
60 pack
$16.50
60 pack $0.28 per 1Ea
Unit Price
Add
1
for $16.50

Nature's Way Kids Smart Vita Gummies Multi-Vitamin 60 pack
Nature's Way Kids Smart Vita Gummies Multi-Vitamin
60 pack
$16.50
60 pack $0.28 per 1Ea
Unit Price
Add
1
for $16.50

Nature's Way Kids Gummies Immunity
Nature's Way Kids Gummies Immunity
$16.50
$0.28 per 1Ea
Unit Price
Add
1
for $16.50"	[]
Lynx	Aerosol Africa Antiperspirant	$ 8 .00	165mL	$4.85 per 100mL	"Disclaimer:
Product details, including nutritional information and country of origin, may change from time to time and so the product you receive in your order may not reflect the information on this page. Please check the packaging on any product you purchase and if it's not what you expected, feel free to return it for a full refund.
Details
Ingredients:
Butane, Isobutane, Propane, Cyclopentasiloxane, Aluminum Chlorohydrate, Fragrance, Disteardimonium Hectorite, Propylene Carbonate.
Contains:
165 ML
Usage Instructions:
Shake Well Before Use. Hold Can 15Cm From Underarm And Spray. Do Not Apply To Broken Or Sore Skin. Stop Use If Irritation Develops. Do Not Spray Near Eyes Or Face.
Size:
165 ML
Warning:
WARNING: DO NOT SPRAY NEAR A NAKED FLAME OR ANY HOT SURFACE. KEEP AWAY FROM SOURCES OF IGNITION - NO SMOKING. AVOID DIRECT INHALATION. USE IN WELL VENTILATED PLACES. AVOID PROLONGED SPRAYING. KEEP OUT OF REACH OF CHILDREN. Caution: Pressurised Dispenser. Protect From Sunlight And Do Not Expose To Temperatures Exceeding 50C. Do Not Pierce Or Burn, Even When Empty. Intentional Misuse By Deliberately Concentrating And Inhaling Contents May Be Harmful Or Fatal.
Code: 3722453P
3 7 2 2 4 5 3 P
Customers also purchased
Lynx Men Antiperspirant Roll On Deodorant Africa 50mL
Lynx Men Antiperspirant Roll On Deodorant Africa
50mL
$4.50
50mL $9.00 per 100mL
Unit Price
Add
1
for $4.50

Lynx Aerosol Ice Chill Antiperspirant 165mL
Lynx Aerosol Ice Chill Antiperspirant
165mL
$8.00
165mL $4.85 per 100mL
Unit Price
Add
1
for $8.00

Lynx Aerosol Black Antiperspirant 165mL
Lynx Aerosol Black Antiperspirant
165mL
$8.00
165mL $4.85 per 100mL
Unit Price
Add
1
for $8.00

Lynx Collision Leather + Cookies Antiperspirant Aerosol 165mL
Lynx Collision Leather + Cookies Antiperspirant Aerosol
165mL
$8.00
165mL $4.85 per 100mL
Unit Price
Add
1
for $8.00"	['/wcsstore/Coles-CAS/images/3/7/2/3722453-th.jpg', '/wcsstore/Coles-CAS/images/3/7/2/3722453_L-th.jpg', '/wcsstore/Coles-CAS/images/3/7/2/3722453_R-th.jpg', '/wcsstore/Coles-CAS/images/3/7/2/3722453_B-th.jpg']
Elastoplast	Flexible Fabric Strips	$ 4 .00	40 pack	$0.10 per 1Ea	"Disclaimer:
Product details, including nutritional information and country of origin, may change from time to time and so the product you receive in your order may not reflect the information on this page. Please check the packaging on any product you purchase and if it's not what you expected, feel free to return it for a full refund.
Details
Ingredients:
Backing: Viscose Polyamide Adhesive: Synthetic Rubber Wound Pad: Polypropylene Release Liner: Paper with silicone coating
Contains:
40 Strips
Storage Instructions:
Store in a cool, dry place.
Suitable for:
Minor wounds
Usage Instructions:
Always follow the directions for use. Clean wound and gently dry skin. Apply without stretching.
Size:
40 Pack
Warning:
Always follow the directions for use. 0% Latex No risk of allergies caused by Latex.
Code: 4197304P
4 1 9 7 3 0 4 P
Customers also purchased
Elastoplast Aqua Protect Plasters 40 pack on special
Elastoplast Aqua Protect Plasters
40 pack on special
$5.00
save
$0.40
40 pack $0.13 per 1Ea
Unit Price
Add
1
for $5.00

Band Aid XL Fabric Tough Strips 10 pack
Band Aid XL Fabric Tough Strips
10 pack
$4.00
10 pack $0.40 per 1Ea
Unit Price
Add
1
for $4.00

Elastoplast Plastic Strips 40 pack
Elastoplast Plastic Strips
40 pack
$3.90
40 pack $0.10 per 1Ea
Unit Price
Add
1
for $3.90"	['/wcsstore/Coles-CAS/images/4/1/9/4197304-th.jpg', '/wcsstore/Coles-CAS/images/4/1/9/4197304_L-th.jpg', '/wcsstore/Coles-CAS/images/4/1/9/4197304_R-th.jpg', '/wcsstore/Coles-CAS/images/4/1/9/4197304_B-th.jpg']
Dettol	Healthy Touch Liquid Antibacterial Instant Hand Sanitiser	$ 3 .50	50mL	$0.70 per 10mL	"Disclaimer:
Product details, including nutritional information and country of origin, may change from time to time and so the product you receive in your order may not reflect the information on this page. Please check the packaging on any product you purchase and if it's not what you expected, feel free to return it for a full refund.
Details
Ingredients:
Alcohol Denat., Water, PEG/PPG-17/6 Copolymer, Propylene Glycol, Acrylates/C10-30 Alkyl Acrylate Crosspolymer, Tetrahydroxypropyl Ethylenediamine, Aloe Barbadensis Gel, Fragrance, Limonene, CI19140, CI42090.
Usage Instructions:
Squeeze 1/2 teaspoon amount of Dettol instant hand sanitizer in your palm then briskly rub hands together thoroughly until dry.
Size:
50mL
Warning:
Highly flammable. Keep away from fire or flame. For external use only. Avoid eyes. In case of eye contact, flush with water. Discontinue use if skin irritation occurs. If condition persists consult a doctor. Keep out of reach of children. If swallowed, contact a Poisons Information Centre (Phone: Australia 13 11 26, New Zealand 0800 764 766) or a doctor. Avoid eyes. In case of eye contact, flush with water. Discontinue use if skin irritation occurs. If condition persists consult a doctor.
Code: 6445236P
6 4 4 5 2 3 6 P
Customers also purchased
Dettol 2 in 1 Hands and Surfaces Antibacterial 15 Wipes 1 pack on special
Dettol 2 in 1 Hands and Surfaces Antibacterial 15 Wipes
1 pack on special
$2.40
save
$0.60
1 pack $2.40 per 1Ea
Unit Price
4.7 (19)
4.7 out of 5 stars from 19 ratings received
Add
1
for $2.40

Dettol Instant Hand Sanitiser Clip 50mL
Dettol Instant Hand Sanitiser Clip
50mL
$4.00
50mL $8.00 per 100mL
Unit Price
Add
1
for $4.00

Dettol Hand Sanitizer Original 200mL on special
Dettol Hand Sanitizer Original
200mL on special
$6.00
save
$1.50
200mL $3.00 per 100mL
Unit Price
4.6 (5)
4.6 out of 5 stars from 5 ratings received
Add
1
for $6.00

Dettol Hand Sanitiser Clippy Pink 50mL on special
Dettol Hand Sanitiser Clippy Pink
50mL on special
$3.16
save
$0.79
50mL $6.32 per 100mL
Unit Price
Add
1
for $3.16

Healthy Touch Liquid Antibacterial Instant Hand Sanitiser"	['/wcsstore/Coles-CAS/images/6/4/4/6445236-th.jpg', '/wcsstore/Coles-CAS/images/6/4/4/6445236_L-th.jpg', '/wcsstore/Coles-CAS/images/6/4/4/6445236_R-th.jpg', '/wcsstore/Coles-CAS/images/6/4/4/6445236_B-th.jpg']
Nature's Way	Kids Vita Gummie Omega	$ 30 .00	120 pack	$25.00 per 100Ea	"Disclaimer:
Product details, including nutritional information and country of origin, may change from time to time and so the product you receive in your order may not reflect the information on this page. Please check the packaging on any product you purchase and if it's not what you expected, feel free to return it for a full refund.
Details
Ingredients:
Natural Fish Oil 132.9 mg equiv. to Docosahexaenoic Acid (DHA) 34 mg equiv. to Eicosapentaenoic Acid (EPA) 6.2 mg
Contains:
Gluten, fish products, sugars, soya bean products, benzoates, milk products and sulfites. 120 Pastilles
Storage Instructions:
Store below 25 degC
Suitable for:
Suitable for children 2+
Usage Instructions:
Children 2+ years: Give 3 pastilles per day. Or as advised by your health professional. Always read the label. Follow the directions for use. Contains gluten, sugars, soya bean products, sulfites, fish products, benzoates and milk products (caseinate derived from cow's milk). Store below 25 C
Size:
120 Pack
Warning:
Gluten, fish products, sugars, soya bean products, benzoates, milk products and sulfites.). Do not use if tamper evident seal is broken or missing. Store below 25C. Always read the label and follow directions for use.
Code: 3753129P
3 7 5 3 1 2 9 P
Customers also purchased
Blackmores Odourless Fish Oil Omega-3 Capsules 400 pack
Blackmores Odourless Fish Oil Omega-3 Capsules
400 pack
$50.00
400 pack $12.50 per 100Ea
Unit Price
5.0 (2)
5.0 out of 5 stars from 2 ratings received
Add
1
for $50.00

Blackmores Odourless Fish Oil Omega-3 Capsules 200 pack on special
Blackmores Odourless Fish Oil Omega-3 Capsules
200 pack on special
buy 2 for $25.00
2 for
$ 25
regular price
$25.00 ea
each
200 pack $12.50 per 100Ea
Unit Price
5.0 (2)
5.0 out of 5 stars from 2 ratings received
Add
2
for $25.00

Blackmores Fish Oil 1000mg Omega-3 Capsules 400 pack
Blackmores Fish Oil 1000mg Omega-3 Capsules
400 pack
$40.00
400 pack $10.00 per 100Ea
Unit Price
4.6 (8)
4.6 out of 5 stars from 8 ratings received
Add
1
for $40.00

Nature's Way Kids Smart Probiotic 50 Milk Chocolate Balls 125g
Nature's Way Kids Smart Probiotic 50 Milk Chocolate Balls
125g
$17.00
125g $13.60 per 100G
Unit Price
Add
1
for $17.00"	['/wcsstore/Coles-CAS/images/3/7/5/3753129-th.jpg', '/wcsstore/Coles-CAS/images/3/7/5/3753129_L-th.jpg', '/wcsstore/Coles-CAS/images/3/7/5/3753129_B-th.jpg']
Lynx	Aerosol Black Antiperspirant	$ 8 .00	165mL	$4.85 per 100mL	"Disclaimer:
Product details, including nutritional information and country of origin, may change from time to time and so the product you receive in your order may not reflect the information on this page. Please check the packaging on any product you purchase and if it's not what you expected, feel free to return it for a full refund.
Details
Ingredients:
Butane, Isobutane, Propane, Cyclopentasiloxane, Aluminum Chlorohydrate, Fragrance, Disteardimonium Hectorite, Propylene Carbonate.
Contains:
165 ML
Usage Instructions:
Shake Well Before Use. Hold Can 15Cm From Underarm And Spray. Do Not Apply To Broken Or Sore Skin. Stop Use If Irritation Develops. Do Not Spray Near Eyes Or Face.
Size:
165 ML
Warning:
WARNING: DO NOT SPRAY NEAR A NAKED FLAME OR ANY HOT SURFACE. KEEP AWAY FROM SOURCES OF IGNITION - NO SMOKING. AVOID DIRECT INHALATION. USE IN WELL VENTILATED PLACES. AVOID PROLONGED SPRAYING. KEEP OUT OF REACH OF CHILDREN. Caution: Pressurised Dispenser. Protect From Sunlight And Do Not Expose To Temperatures Exceeding 50C. Do Not Pierce Or Burn, Even When Empty. Intentional Misuse By Deliberately Concentrating And Inhaling Contents May Be Harmful Or Fatal.
Code: 3722420P
3 7 2 2 4 2 0 P
Customers also purchased
Rexona Men Sport Antiperspirant Roll On Deodorant 50mL on special half price
Rexona Men Sport Antiperspirant Roll On Deodorant
50mL on special half price
regular price
$2.25 ea
each
save
$2.25
50mL $4.50 per 100mL
Unit Price
5.0 (1)
5.0 out of 5 stars from 1 ratings received
Add
1
for $2.25

Lynx Aerosol Ice Chill Antiperspirant 165mL
Lynx Aerosol Ice Chill Antiperspirant
165mL
$8.00
165mL $4.85 per 100mL
Unit Price
Add
1
for $8.00

Lynx Aerosol Africa Antiperspirant 165mL
Lynx Aerosol Africa Antiperspirant
165mL
$8.00
165mL $4.85 per 100mL
Unit Price
Add
1
for $8.00

Lynx Collision Leather + Cookies Antiperspirant Aerosol 165mL
Lynx Collision Leather + Cookies Antiperspirant Aerosol
165mL
$8.00
165mL $4.85 per 100mL
Unit Price
Add
1
for $8.00"	['/wcsstore/Coles-CAS/images/3/7/2/3722420-th.jpg', '/wcsstore/Coles-CAS/images/3/7/2/3722420_B-th.jpg']
Nature's Way	Kids Smart Vita Gummies Immune Support	$ 30 .00	120 pack	$0.25 per 1Ea	"Disclaimer:
Product details, including nutritional information and country of origin, may change from time to time and so the product you receive in your order may not reflect the information on this page. Please check the packaging on any product you purchase and if it's not what you expected, feel free to return it for a full refund.
Details
Ingredients:
Each Pastille (soft gummie) contains: Honey 50mg Sambucus Nigra (Black Elderberry) Fruit Juice Powder 15.8mg equiv. to fresh juice 500mg Ascorbic Acid (Vitamin C) 25 mg Zinc (as Zinc oxide) 1.5 mg
Contains:
Gluten, sugars, sulfites, pollen, propolis and royal jelly. 120 Pack
Storage Instructions:
Store below 25C Do not use if tamper evident seal is broken or missing. Protect from moisture.
Suitable for:
Children 2+ years
Usage Instructions:
Children 2-3 years: Give 2 pastilles per day. Children 4+ years: Give 3-4 pastilles per day. Or as advised by your health professional.
Size:
120 Pack
Warning:
If symptoms persist, talk to your health professional. Contains gluten, sugars, sulfites, pollen, propolis and royal jelly. Vitamin and mineral supplements can only be of assistance if dietary intake is inadequate. Not to be given to children under 2 years. If symptoms persist, talk to your health professional. Store below 25C. Always read the label and follow directions for use.
Code: 4223674P
4 2 2 3 6 7 4 P"	['/wcsstore/Coles-CAS/images/4/2/2/4223674-th.jpg', '/wcsstore/Coles-CAS/images/4/2/2/4223674_L-th.jpg']
Band Aid	XL Fabric Tough Strips	$ 4 .00	10 pack	$0.40 per 1Ea	"Disclaimer:
Product details, including nutritional information and country of origin, may change from time to time and so the product you receive in your order may not reflect the information on this page. Please check the packaging on any product you purchase and if it's not what you expected, feel free to return it for a full refund.
Details
Contains:
10 Pack
Storage Instructions:
Store in a cool, dry place.
Usage Instructions:
Single use only. Skin should be clean and dry before using dressing. Change dressing daily.
Size:
10 Pack
Warning:
Sterile unless individual wrapper is opened or damaged.
Skin should be clean and dry before using dressing. Change dressing daily. Single use only.
Caution: Not intended for use on delicate skin.
The packaging of this product contains natural rubber latex which may cause allergic reactions.
Code: 4497057P
4 4 9 7 0 5 7 P
Customers also purchased
Band-Aid Tough Strips 40 pack
Band-Aid Tough Strips
40 pack
$4.80
Was $6.00 Apr 2022
40 pack $0.12 per 1Ea
Unit Price
Add
1
for $4.80

Band-Aid Tough Strips 20 pack
Band-Aid Tough Strips
20 pack
$4.00
20 pack $0.20 per 1Ea
Unit Price
Add
1
for $4.00

Band-Aid Waterproof Tough Strips 20 pack
Band-Aid Waterproof Tough Strips
20 pack
$4.50
20 pack $0.23 per 1Ea
Unit Price
Add
1
for $4.50

Elastoplast Flexible Fabric Strips 40 pack
Elastoplast Flexible Fabric Strips
40 pack
$4.00
Until 14 Mar 2023
Was $4.80 Dec 2022
40 pack $0.10 per 1Ea
Unit Price
Add
1
for $4.00"	['/wcsstore/Coles-CAS/images/4/4/9/4497057-th.jpg', '/wcsstore/Coles-CAS/images/4/4/9/4497057_L-th.jpg', '/wcsstore/Coles-CAS/images/4/4/9/4497057_R-th.jpg', '/wcsstore/Coles-CAS/images/4/4/9/4497057_B-th.jpg']
Band-Aid	Assorted Plastic Shapes	$ 5 .00	50 pack	$0.10 per 1Ea	"Disclaimer:
Product details, including nutritional information and country of origin, may change from time to time and so the product you receive in your order may not reflect the information on this page. Please check the packaging on any product you purchase and if it's not what you expected, feel free to return it for a full refund.
Details
Contains:
50 Pack
Storage Instructions:
Store in a cool, dry place.
Usage Instructions:
Single use only. Skin should be clean and dry before using dressing. Change dressing daily.
Size:
50 Pack
Warning:
Sterile unless individual wrapper is opened or damaged.
Skin should be clean and dry before using dressing. Change dressing daily. Single use only.
The packaging of this product contains natural rubber latex which may cause allergic reactions.
Code: 3628488P
3 6 2 8 4 8 8 P"	['/wcsstore/Coles-CAS/images/3/6/2/3628488-th.jpg', '/wcsstore/Coles-CAS/images/3/6/2/3628488_L-th.jpg', '/wcsstore/Coles-CAS/images/3/6/2/3628488_R-th.jpg', '/wcsstore/Coles-CAS/images/3/6/2/3628488_B-th.jpg']
Band-Aid	Tough Strips	$ 4 .00	20 pack	$0.20 per 1Ea	"Disclaimer:
Product details, including nutritional information and country of origin, may change from time to time and so the product you receive in your order may not reflect the information on this page. Please check the packaging on any product you purchase and if it's not what you expected, feel free to return it for a full refund.
Details
Storage Instructions:
Store in a cool, dry place.
Usage Instructions:
Single use only. Skin should be clean and dry before using dressing. Change dressing daily.
Size:
20 Pack
Warning:
Sterile unless individual wrapper is opened or damaged.
Skin should be clean and dry before using dressing. Change dressing daily. Single use only.
Caution: Not intended for use on delicate skin.
The packaging of this product contains natural rubber latex which may cause allergic reactions.
Code: 4503998P
4 5 0 3 9 9 8 P
Customers also purchased
Band Aid XL Fabric Tough Strips 10 pack
Band Aid XL Fabric Tough Strips
10 pack
$4.00
10 pack $0.40 per 1Ea
Unit Price
Add
1
for $4.00

Band-Aid Waterproof Tough Strips 20 pack
Band-Aid Waterproof Tough Strips
20 pack
$4.50
20 pack $0.23 per 1Ea
Unit Price
Add
1
for $4.50

Band-Aid Assorted Plastic Shapes 50 pack
Band-Aid Assorted Plastic Shapes
50 pack
$5.00
50 pack $0.10 per 1Ea
Unit Price
Add
1
for $5.00

Elastoplast Aqua Protect Xxl 5 pack
Elastoplast Aqua Protect Xxl
5 pack
$15.00
5 pack $3.00 per 1Ea
Unit Price
Add
1
for $15.00"	['/wcsstore/Coles-CAS/images/4/5/0/4503998-th.jpg', '/wcsstore/Coles-CAS/images/4/5/0/4503998_L-th.jpg', '/wcsstore/Coles-CAS/images/4/5/0/4503998_R-th.jpg', '/wcsstore/Coles-CAS/images/4/5/0/4503998_B-th.jpg']
Band-Aid	Waterproof Tough Strips	$ 4 .50	20 pack	$0.23 per 1Ea	"Disclaimer:
Product details, including nutritional information and country of origin, may change from time to time and so the product you receive in your order may not reflect the information on this page. Please check the packaging on any product you purchase and if it's not what you expected, feel free to return it for a full refund.
Details
Contains:
20 Pack
Storage Instructions:
Store in a cool, dry place.
Usage Instructions:
Single use only. Skin should be clean and dry before using dressing. Change dressing daily.
Size:
20 Pack
Warning:
Sterile unless individual wrapper is opened or damaged.
Skin should be clean and dry before using dressing. Change dressing daily. Single use only.
Caution: Not intended for use on delicate skin.
The packaging of this product contains natural rubber latex which may cause allergic reactions.
Code: 3628499P
3 6 2 8 4 9 9 P
Customers also purchased
Band-Aid Tough Strips 40 pack
Band-Aid Tough Strips
40 pack
$4.80
Was $6.00 Apr 2022
40 pack $0.12 per 1Ea
Unit Price
Add
1
for $4.80

Band-Aid Tough Strips 20 pack
Band-Aid Tough Strips
20 pack
$4.00
20 pack $0.20 per 1Ea
Unit Price
Add
1
for $4.00

Band Aid XL Fabric Tough Strips 10 pack
Band Aid XL Fabric Tough Strips
10 pack
$4.00
10 pack $0.40 per 1Ea
Unit Price
Add
1
for $4.00

Band-Aid Assorted Plastic Shapes 50 pack
Band-Aid Assorted Plastic Shapes
50 pack
$5.00
50 pack $0.10 per 1Ea
Unit Price
Add
1
for $5.00"	['/wcsstore/Coles-CAS/images/3/6/2/3628499-th.jpg', '/wcsstore/Coles-CAS/images/3/6/2/3628499_L-th.jpg', '/wcsstore/Coles-CAS/images/3/6/2/3628499_R-th.jpg', '/wcsstore/Coles-CAS/images/3/6/2/3628499_B-th.jpg']
Band-Aid	Extra Wide Plastic Strips	$ 5 .00	40 pack	$0.13 per 1Ea	"Disclaimer:
Product details, including nutritional information and country of origin, may change from time to time and so the product you receive in your order may not reflect the information on this page. Please check the packaging on any product you purchase and if it's not what you expected, feel free to return it for a full refund.
Details
Storage Instructions:
Store in a cool, dry place.
Usage Instructions:
Single use only. Skin should be clean and dry before using dressing. Change dressing daily.
Size:
Extra Wide Plastic
Warning:
Sterile unless individual wrapper is opened or damaged.
Skin should be clean and dry before using dressing. Change dressing daily. Single use only.
The packaging of this product contains natural rubber latex which may cause allergic reactions.
Code: 5753039P
5 7 5 3 0 3 9 P
Customers also purchased
Band-Aid Tough Strips 40 pack
Band-Aid Tough Strips
40 pack
$4.80
Was $6.00 Apr 2022
40 pack $0.12 per 1Ea
Unit Price
Add
1
for $4.80

Band Aid XL Fabric Tough Strips 10 pack
Band Aid XL Fabric Tough Strips
10 pack
$4.00
10 pack $0.40 per 1Ea
Unit Price
Add
1
for $4.00

Elastoplast Plastic Strips 40 pack
Elastoplast Plastic Strips
40 pack
$3.90
40 pack $0.10 per 1Ea
Unit Price
Add
1
for $3.90

Band-Aid Assorted Plastic Shapes 50 pack
Band-Aid Assorted Plastic Shapes
50 pack
$5.00
50 pack $0.10 per 1Ea
Unit Price
Add
1
for $5.00"	['/wcsstore/Coles-CAS/images/5/7/5/5753039-th.jpg', '/wcsstore/Coles-CAS/images/5/7/5/5753039_L-th.jpg', '/wcsstore/Coles-CAS/images/5/7/5/5753039_R-th.jpg', '/wcsstore/Coles-CAS/images/5/7/5/5753039_B-th.jpg']
Elastoplast	Plastic Strips	$ 3 .90	40 pack	$0.10 per 1Ea	"Disclaimer:
Product details, including nutritional information and country of origin, may change from time to time and so the product you receive in your order may not reflect the information on this page. Please check the packaging on any product you purchase and if it's not what you expected, feel free to return it for a full refund.
Details
Contains:
40 Strips
Storage Instructions:
Store in a cool, dry place.
Suitable for:
Minor wounds
Usage Instructions:
Always follow the directions for use. Clean wound and gently dry skin. Apply without stretching.
Size:
40 Pack
Warning:
Always follow the directions for use. 0% Latex No risk of allergies caused by Latex.
Code: 9739561P
9 7 3 9 5 6 1 P"	['/wcsstore/Coles-CAS/images/9/7/3/9739561-th.jpg', '/wcsstore/Coles-CAS/images/9/7/3/9739561_L-th.jpg', '/wcsstore/Coles-CAS/images/9/7/3/9739561_R-th.jpg', '/wcsstore/Coles-CAS/images/9/7/3/9739561_B-th.jpg']
Nature's Way	Kids Smart Gummies Iron + Vitamin	$ 16 .50	60 pack	$0.28 per 1Ea	"Disclaimer:
Product details, including nutritional information and country of origin, may change from time to time and so the product you receive in your order may not reflect the information on this page. Please check the packaging on any product you purchase and if it's not what you expected, feel free to return it for a full refund.
Details
Ingredients:
Each Pastille (soft gummie) contains: Iron (as Ferrous Fumarate 7.61mg) 2.5mg Ascorbic Acid (Vitamin C) 10mg
Contains:
Gluten, sugars and sulfites. 60 Pack
Storage Instructions:
Store below 25C. Refrigerate once opened. Consume within 3 months of opening. Do not use if tamper evident seal is broken or missing.
Suitable for:
Children 2+ years
Usage Instructions:
Children 2-12 years: Give two pastilles per day. Or as advised by your health professional.
Size:
60 Pack
Warning:
Contains gluten, sugars and sulfites. Vitamins and minerals can only be of assistance if dietary intake is inadequate. Not for the treatment of iron deficiency conditions. Not to be given to children under 2 years of age. Store below 25C. Always read the label and follow the directions for use.
Code: 4206711P
4 2 0 6 7 1 1 P
Customers also purchased
Nature's Way Kids Smart Gummies Multi-Vitamin +Vegies 120 pack
Nature's Way Kids Smart Gummies Multi-Vitamin +Vegies
120 pack
$30.00
120 pack $0.25 per 1Ea
Unit Price
Add
1
for $30.00

Nature's Way Kids Smart Vita Gummies Calcium 60 pack
Nature's Way Kids Smart Vita Gummies Calcium
60 pack
$16.50
60 pack $0.28 per 1Ea
Unit Price
Add
1
for $16.50

Nature's Way Kids Smart Vita Gummies Vitamin C 60 pack
Nature's Way Kids Smart Vita Gummies Vitamin C
60 pack
$16.50
60 pack $0.28 per 1Ea
Unit Price
Add
1
for $16.50

Nature's Way Kids Smart Vita Gummies Multi-Vitamin 60 pack
Nature's Way Kids Smart Vita Gummies Multi-Vitamin
60 pack
$16.50
60 pack $0.28 per 1Ea
Unit Price
Add
1
for $16.50"	['/wcsstore/Coles-CAS/images/4/2/0/4206711-th.jpg', '/wcsstore/Coles-CAS/images/4/2/0/4206711_L-th.jpg', '/wcsstore/Coles-CAS/images/4/2/0/4206711_B-th.jpg']
Band-Aid	Waterproof Aquablock Sterile Strips	$ 6 .00	40 pack	$0.15 per 1Ea	"Disclaimer:
Product details, including nutritional information and country of origin, may change from time to time and so the product you receive in your order may not reflect the information on this page. Please check the packaging on any product you purchase and if it's not what you expected, feel free to return it for a full refund.
Details
Storage Instructions:
Store in a cool, dry place.
Usage Instructions:
Single use only Skin should be clean and dry before using dressing. Change dressing daily.
Size:
40 STERILE STRIPS
Warning:
Sterile unless individual wrapper is opened or damaged.
Skin should be clean and dry before using dressing. Change dressing daily. Single use only.
The packaging of this product contains natural rubber latex which may cause allergic reactions.
Code: 2864703P
2 8 6 4 7 0 3 P
Customers also purchased
Bach Rescue Remedy Cranberry Pastilles 50g
Bach Rescue Remedy Cranberry Pastilles
50g
$13.00
50g $26.00 per 100G
Unit Price
Add
1
for $13.00

Rescue Sleep Spray 20mL
Rescue Sleep Spray
20mL
$28.50
20mL $142.50 per 100mL
Unit Price
Add
1
for $28.50

Rescue Pastilles Blackcurrant 50g
Rescue Pastilles Blackcurrant
50g
$13.00
50g $26.00 per 100G
Unit Price
Add
1
for $13.00

Coles Alcohol Wipes 50 pack
Coles Alcohol Wipes
50 pack
$2.50
Until 25 Jul 2023
50 pack $0.05 per 1Ea
Unit Price
Add
1
for $2.50"	['/wcsstore/Coles-CAS/images/2/8/6/2864703-th.jpg', '/wcsstore/Coles-CAS/images/2/8/6/2864703_L-th.jpg', '/wcsstore/Coles-CAS/images/2/8/6/2864703_R-th.jpg', '/wcsstore/Coles-CAS/images/2/8/6/2864703_B-th.jpg']
Band-Aid	Advanced Healing Hydro Seal Regular Gel Plasters	$ 8 .50	10 pack	$0.85 per 1Ea	"Disclaimer:
Product details, including nutritional information and country of origin, may change from time to time and so the product you receive in your order may not reflect the information on this page. Please check the packaging on any product you purchase and if it's not what you expected, feel free to return it for a full refund.
Details
Contains:
10 All one size, Regular Hydrocolloid gel plaster.
Storage Instructions:
Store in a cool, dry place.
Suitable for:
All parts of the body.
Usage Instructions:
Sterile: unless individual wrapper is opened or damaged. Apply to clean and dry wound. Leave in place until it starts to detach. This may be up to several days. To remove the plaster, stretch it along the skin as opposed to pulling it away.
Size:
10 Pack
Warning:
Sterile unless individual wrapper is opened or damaged.
Warnings : Diabetics and those with poor circulation should use under the supervision of a Health Care Professional.
Contraindications : Do not use on deep puncture wounds, fragile skin, burns, stitches, infected areas, or on children under 2 years of age. If redness, swelling, or allergic reactions occur or if blister condition persists, discontinue use and consult your doctor.
Code: 8985609P
8 9 8 5 6 0 9 P
Customers also purchased
Band-Aid Waterproof Tough Strips Extra Large 10 pack
Band-Aid Waterproof Tough Strips Extra Large
10 pack
$4.95
10 pack $0.50 per 1Ea
Unit Price
Add
1
for $4.95

Elastoplast Sensitive Dressing 6cm X 10cm 10 pack everyday product
Elastoplast Sensitive Dressing 6cm X 10cm
10 pack everyday product
$6.50
10 pack $0.65 per 1Ea
Unit Price
Add
1
for $6.50"	['/wcsstore/Coles-CAS/images/8/9/8/8985609-th.jpg', '/wcsstore/Coles-CAS/images/8/9/8/8985609_L-th.jpg', '/wcsstore/Coles-CAS/images/8/9/8/8985609_R-th.jpg', '/wcsstore/Coles-CAS/images/8/9/8/8985609_B-th.jpg']
Elastoplast	Aqua Protect Plasters	$ 5 .00	40 pack	$0.13 per 1Ea	"Disclaimer:
Product details, including nutritional information and country of origin, may change from time to time and so the product you receive in your order may not reflect the information on this page. Please check the packaging on any product you purchase and if it's not what you expected, feel free to return it for a full refund.
Details
Contains:
40 Plasters
Storage Instructions:
Store in a cool, dry place.
Suitable for:
Minor wounds
Colours:
Clear
Usage Instructions:
Always follow the directions for use. Clean wound and gently dry skin. Apply without stretching.
Size:
40 Pack
Warning:
Always follow the directions for use. The packaging of this product contains latex. The product is latex free.
Code: 7213510P
7 2 1 3 5 1 0 P
Customers also purchased
Elastoplast Plastic Strips 40 pack
Elastoplast Plastic Strips
40 pack
$3.90
40 pack $0.10 per 1Ea
Unit Price
Add
1
for $3.90

Elastoplast Assorted Sensitive Strips 40 pack on special
Elastoplast Assorted Sensitive Strips
40 pack on special
$5.00
save
$0.50
40 pack $0.13 per 1Ea
Unit Price
Add
1
for $5.00

Coles Kids & Teens Medistrips 20 pack everyday product
Coles Kids & Teens Medistrips
20 pack everyday product
$2.00
20 pack $0.10 per 1Ea
Unit Price
Add
1
for $2.00

Elastoplast Flexible Fabric Strips 40 pack
Elastoplast Flexible Fabric Strips
40 pack
$4.00
Until 14 Mar 2023
Was $4.80 Dec 2022
40 pack $0.10 per 1Ea
Unit Price
Add
1
for $4.00"	['/wcsstore/Coles-CAS/images/7/2/1/7213510-th.jpg', '/wcsstore/Coles-CAS/images/7/2/1/7213510_L-th.jpg', '/wcsstore/Coles-CAS/images/7/2/1/7213510_R-th.jpg', '/wcsstore/Coles-CAS/images/7/2/1/7213510_B-th.jpg']
Band-Aid	Waterproof Tough Strips Extra Large	$ 4 .95	10 pack	$0.50 per 1Ea	"Disclaimer:
Product details, including nutritional information and country of origin, may change from time to time and so the product you receive in your order may not reflect the information on this page. Please check the packaging on any product you purchase and if it's not what you expected, feel free to return it for a full refund.
Details
Contains:
10 Pack
Storage Instructions:
Store in a cool, dry place.
Usage Instructions:
Single use only. Skin should be clean and dry before using dressing. Change dressing daily.
Size:
10 Pack
Warning:
Sterile unless individual wrapper is opened or damaged.
Skin should be clean and dry before using dressing. Change dressing daily. Single use only.
Caution: Not intended for use on delicate skin.
The packaging of this product contains natural rubber latex which may cause allergic reactions.
Code: 8152578P
8 1 5 2 5 7 8 P
Customers also purchased
Band-Aid Advanced Healing Hydro Seal Regular Gel Plasters 10 pack
Band-Aid Advanced Healing Hydro Seal Regular Gel Plasters
10 pack
$8.50
10 pack $0.85 per 1Ea
Unit Price
Add
1
for $8.50

Elastoplast Sensitive Dressing 6cm X 10cm 10 pack everyday product
Elastoplast Sensitive Dressing 6cm X 10cm
10 pack everyday product
$6.50
10 pack $0.65 per 1Ea
Unit Price
Add
1
for $6.50"	['/wcsstore/Coles-CAS/images/8/1/5/8152578-th.jpg', '/wcsstore/Coles-CAS/images/8/1/5/8152578_L-th.jpg', '/wcsstore/Coles-CAS/images/8/1/5/8152578_R-th.jpg', '/wcsstore/Coles-CAS/images/8/1/5/8152578_B-th.jpg']
Elastoplast	Assorted Sensitive Strips	$ 5 .00	40 pack	$0.13 per 1Ea	"Disclaimer:
Product details, including nutritional information and country of origin, may change from time to time and so the product you receive in your order may not reflect the information on this page. Please check the packaging on any product you purchase and if it's not what you expected, feel free to return it for a full refund.
Details
Contains:
40 Strips
Storage Instructions:
Store in a cool, dry place.
Suitable for:
Hypoallergenic skin
Usage Instructions:
Always follow the directions for use. Clean wound and gently dry skin. Apply without stretching.
Size:
40 Pack
Warning:
Always follow the directions for use. 0% Latex No risk of allergies caused by Latex.
Code: 3614927P
3 6 1 4 9 2 7 P
Customers also purchased
Coles Medistrips Waterproof Strips 20 pack everyday product
Coles Medistrips Waterproof Strips
20 pack everyday product
$2.15
20 pack $0.11 per 1Ea
Unit Price
Add
1
for $2.15

Elastoplast Aqua Protect Plasters 40 pack on special
Elastoplast Aqua Protect Plasters
40 pack on special
$5.00
save
$0.40
40 pack $0.13 per 1Ea
Unit Price
Add
1
for $5.00

Elastoplast Plastic Strips 40 pack
Elastoplast Plastic Strips
40 pack
$3.90
40 pack $0.10 per 1Ea
Unit Price
Add
1
for $3.90

Elastoplast Flexible Fabric Strips 40 pack
Elastoplast Flexible Fabric Strips
40 pack
$4.00
Until 14 Mar 2023
Was $4.80 Dec 2022
40 pack $0.10 per 1Ea
Unit Price
Add
1
for $4.00"	['/wcsstore/Coles-CAS/images/3/6/1/3614927-th.jpg', '/wcsstore/Coles-CAS/images/3/6/1/3614927_L-th.jpg', '/wcsstore/Coles-CAS/images/3/6/1/3614927_R-th.jpg', '/wcsstore/Coles-CAS/images/3/6/1/3614927_B-th.jpg']
Elastoplast	Frozen Strips	$ 3 .80	20 pack	$0.19 per 1Ea	"Disclaimer:
Product details, including nutritional information and country of origin, may change from time to time and so the product you receive in your order may not reflect the information on this page. Please check the packaging on any product you purchase and if it's not what you expected, feel free to return it for a full refund.
Details
Contains:
20 Plasters
Storage Instructions:
Store in a cool, dry place.
Suitable for:
Children
Usage Instructions:
Clean wound and gently dry skin. Apply without stretching.
Size:
20 Pack
Warning:
Always follow the directions for use. 0% Latex No risk of allergies caused by Latex.
Code: 4195783P
4 1 9 5 7 8 3 P
Customers also purchased
Elastoplast Aqua Protect Plasters 40 pack on special
Elastoplast Aqua Protect Plasters
40 pack on special
$5.00
save
$0.40
40 pack $0.13 per 1Ea
Unit Price
Add
1
for $5.00

Elastoplast Plastic Strips 40 pack
Elastoplast Plastic Strips
40 pack
$3.90
40 pack $0.10 per 1Ea
Unit Price
Add
1
for $3.90

Elastoplast Flexible Fabric Strips 40 pack
Elastoplast Flexible Fabric Strips
40 pack
$4.00
Until 14 Mar 2023
Was $4.80 Dec 2022
40 pack $0.10 per 1Ea
Unit Price
Add
1
for $4.00"	['/wcsstore/Coles-CAS/images/4/1/9/4195783-th.jpg', '/wcsstore/Coles-CAS/images/4/1/9/4195783_L-th.jpg', '/wcsstore/Coles-CAS/images/4/1/9/4195783_R-th.jpg', '/wcsstore/Coles-CAS/images/4/1/9/4195783_B-th.jpg']
Nature's Way	Kids Smart Vita Gummies Omega	$ 16 .50	60 pack	$0.28 per 1Ea	"Disclaimer:
Product details, including nutritional information and country of origin, may change from time to time and so the product you receive in your order may not reflect the information on this page. Please check the packaging on any product you purchase and if it's not what you expected, feel free to return it for a full refund.
Details
Ingredients:
Natural Fish Oil 132.9 mg equiv. to Docosahexaenoic Acid (DHA) 34 mg equiv. to Eicosapentaenoic Acid (EPA) 6.2 mg
Contains:
Gluten, fish products, sugars, soya bean products, benzoates, milk products and sulfites. 60 Pastilles
Storage Instructions:
Store below 25 degrees C
Suitable for:
Suitable for children 2+
Usage Instructions:
Children 2+ years: Give 3 pastilles per day. Or as advised by your health professional. Always read the label. Follow the directions for use. Contains gluten, sugars, soya bean products, sulfites, fish products, benzoates and milk products (caseinate derived from cow's milk). Store below 25 C
Size:
60 Pack
Warning:
Contains gluten, sugars, soya bean products, sulfites, fish products, benzoates and milk products (caseinate derived from cow's milk). Do not use if tamper evident seal is broken or missing. Store below 25C. Always read the label and follow directions for use.
Code: 7969050P
7 9 6 9 0 5 0 P
Customers also purchased
Nature's Way Kids Smart Vita Gummies Calcium 60 pack
Nature's Way Kids Smart Vita Gummies Calcium
60 pack
$16.50
60 pack $0.28 per 1Ea
Unit Price
Add
1
for $16.50

Nature's Way Kids Smart Vita Gummies Multi-Vitamin 60 pack
Nature's Way Kids Smart Vita Gummies Multi-Vitamin
60 pack
$16.50
60 pack $0.28 per 1Ea
Unit Price
Add
1
for $16.50

Nature's Way Kids Gummies Immunity
Nature's Way Kids Gummies Immunity
$16.50
$0.28 per 1Ea
Unit Price
Add
1
for $16.50

Nature's Way Kids Smart Iron Chewables 50 pack
Nature's Way Kids Smart Iron Chewables
50 pack
$15.00
50 pack $0.30 per 1Ea
Unit Price
Add
1
for $15.00"	['/wcsstore/Coles-CAS/images/7/9/6/7969050-th.jpg', '/wcsstore/Coles-CAS/images/7/9/6/7969050_L-th.jpg', '/wcsstore/Coles-CAS/images/7/9/6/7969050_B-th.jpg']
Nature's Way	Kids Gummies Eye Health	$ 26 .00	50 pack	$0.52 per 1Ea	"Disclaimer:
Product details, including nutritional information and country of origin, may change from time to time and so the product you receive in your order may not reflect the information on this page. Please check the packaging on any product you purchase and if it's not what you expected, feel free to return it for a full refund.
Details
Ingredients:
Each Pastille (soft gummie) contains: Lutein 5 mg Zeaxanthin 1 mg Retinol palmitate 732.78 micrograms equiv. to Vitamin A 400 micrograms RE
Contains:
Sugars, gluten and sulfites. 50 pack
Storage Instructions:
Store below 25C Do not use if tamper seal is broken or missing. Protect from moisture.
Suitable for:
Children 4+ years
Usage Instructions:
Children 4+ years: Give one pastille per day. Or as advised by your health professional. Children 4+ years: Give one pastille per day. Or as advised by your health professional. Vitamin A supplements should not be taken during pregnancy or before becoming pregnant without consulting with your doctor. Vitamins and minerals can only be of assistance if dietary intake is inadequate. Protect from moisture. Store below 25C.
Size:
50 Pack
Warning:
Contains sugars, gluten and sulfites. Vitamins can only be of assistance if the dietary intake is inadequate. Vitamin A supplements should not be taken during pregnancy or before becoming pregnant without consulting with your doctor. Store below 25C. Always read the label and follow the directions for use.
Code: 3279469P
3 2 7 9 4 6 9 P
Customers also purchased
Blackmores Lutein Defence Eye Care Vitamin Tablets 60 pack on special
Blackmores Lutein Defence Eye Care Vitamin Tablets
60 pack on special
buy 2 for $41.00
2 for
$ 41
regular price
$41.00 ea
each
60 pack $68.33 per 100Ea
Unit Price
Add
2
for $41.00

Blackmores Vitamin B12 Energy Support Tablets 75 pack on special
Blackmores Vitamin B12 Energy Support Tablets
75 pack on special
$7.25
save
$7.25
75 pack $0.10 per 1Ea
Unit Price
Add
1
for $7.25"	['/wcsstore/Coles-CAS/images/3/2/7/3279469-th.jpg', '/wcsstore/Coles-CAS/images/3/2/7/3279469_L-th.jpg']
Lynx	Men Body Wash Black	$ 6 .50	400mL	$1.63 per 100mL	"Disclaimer:
Product details, including nutritional information and country of origin, may change from time to time and so the product you receive in your order may not reflect the information on this page. Please check the packaging on any product you purchase and if it's not what you expected, feel free to return it for a full refund.
Details
Ingredients:
Water, Sodium Laureth Sulfate/Sodium C12-13 Pareth Sulfate*, Sodium Chloride, Fragrance, Cocamide Mea, Glycerin, Sodium Benzoate, Citric Acid, Disodium Edta, Ci 42090, Ci 19140. *Used Interchangeably.
Contains:
400ml
Usage Instructions:
Squeeze Out Gel. Lather On Body. Rinse Well.
Size:
400ml
Warning:
Caution: Use Only As Directed Avoid Contact With Eyes. If Eye Contact Occurs, Imemdiately Rinse With Water. If Rash Or Irritation Occurs, Discontinue Use. Check If Full Stop (.) Needed After Directed.
Code: 2225249P
2 2 2 5 2 4 9 P
Customers also purchased
Lynx Men Body Wash Africa 400mL
Lynx Men Body Wash Africa
400mL
$6.50
400mL $1.63 per 100mL
Unit Price
Add
1
for $6.50

Nivea Men Power Fresh Shower Gel & Body Wash 500mL
Nivea Men Power Fresh Shower Gel & Body Wash
500mL
$9.00
500mL $1.80 per 100mL
Unit Price
Add
1
for $9.00

Lynx Mens Body Wash Africa 1L
Lynx Mens Body Wash Africa
1L
$10.00
Until 30 May 2023
Was $13.20 Oct 2022
1L $1.00 per 100mL
Unit Price
Add
1
for $10.00

Lynx Ice Chill 3 In 1 Shower Gel Body Wash 400mL
Lynx Ice Chill 3 In 1 Shower Gel Body Wash
400mL
$6.50
400mL $1.63 per 100mL
Unit Price
Add
1
for $6.50"	['/wcsstore/Coles-CAS/images/2/2/2/2225249-th.jpg', '/wcsstore/Coles-CAS/images/2/2/2/2225249_L-th.jpg', '/wcsstore/Coles-CAS/images/2/2/2/2225249_R-th.jpg', '/wcsstore/Coles-CAS/images/2/2/2/2225249_B-th.jpg']
Cancer Council	SPF 50+ Kids Sunscreen	$ 29 .00	500mL	$5.80 per 100mL	"Disclaimer:
Product details, including nutritional information and country of origin, may change from time to time and so the product you receive in your order may not reflect the information on this page. Please check the packaging on any product you purchase and if it's not what you expected, feel free to return it for a full refund.
Code: 2464807P
2 4 6 4 8 0 7 P
Customers also purchased
Banana Boat SPF 50+ Kids Roll On Sunscreen 75mL
Banana Boat SPF 50+ Kids Roll On Sunscreen
75mL
$12.50
75mL $16.67 per 100mL
Unit Price
Add
1
for $12.50

Cancer Council SPF 50+ Ultra Rollon Sunscreen 75mL
Cancer Council SPF 50+ Ultra Rollon Sunscreen
75mL
$10.40
75mL $13.87 per 100mL
Unit Price
Add
1
for $10.40

Ethical Zinc SPF 50+ Natural Clear Zinc Sunscreen 100g on special
Ethical Zinc SPF 50+ Natural Clear Zinc Sunscreen
100g on special
$14.00
save
$6.00
100g $14.00 per 100G
Unit Price
Add
1
for $14.00"	['/wcsstore/Coles-CAS/images/2/4/6/2464807-th.jpg', '/wcsstore/Coles-CAS/images/2/4/6/2464807_B-th.jpg']
Band-Aid	Advanced Healing Hydro Seal Blister Block	$ 8 .50	4 pack	$2.13 per 1Ea	"Disclaimer:
Product details, including nutritional information and country of origin, may change from time to time and so the product you receive in your order may not reflect the information on this page. Please check the packaging on any product you purchase and if it's not what you expected, feel free to return it for a full refund.
Details
Storage Instructions:
Store in a cool, dry place.
Usage Instructions:
Use this product to cover and protect blisters.
Hydro Seal Gel Plasters provide the Optimal Healing Environment (Compared to traditional plasters).
1. Clean the blister. Wash the affected area and dry thoroughly.
2. Skip the ointment. To ensure the plaster properly adheres, do not apply creams, ointments or lotions to the blister.
3. Seal it up. Carefully remove the white paper tabs and apply the gel plaster directly on the blister. There is no pad.
4. Watch it work. Within 24 hours of application the product will begin to swell and a white bubble will appear over the blister. This signals that your body's natural healing process has begun.
5. Keep it on - no peeking! This plaster is designed to deliver multi-day protection. You can wear it until it begins to detach.
Size:
4 Pack
Warning:
Sterile unless individual wrapper is opened or damaged.
Warnings : Diabetics and those with poor circulation should use under the supervision of a Health Care Professional.
Contraindications: Do not use on deep puncture wounds, fragile skin, burns, stitches, infected areas, or on children under 2 years of age. If redness, swelling, or allergic reactions occur or if blister condition persists, discontinue use and consult your doctor.
Code: 7958983P
7 9 5 8 9 8 3 P
Customers also purchased
Band-Aid Tough Strips 40 pack
Band-Aid Tough Strips
40 pack
$4.80
Was $6.00 Apr 2022
40 pack $0.12 per 1Ea
Unit Price
Add
1
for $4.80

Coles Heavy Duty Fabric Strips Xl 20 pack
Coles Heavy Duty Fabric Strips Xl
20 pack
$3.70
Until 25 Jul 2023
Was $4.00 Oct 2020
20 pack $0.19 per 1Ea
Unit Price
Add
1
for $3.70

Elastoplast Flexible Fabric Strips 40 pack
Elastoplast Flexible Fabric Strips
40 pack
$4.00
Until 14 Mar 2023
Was $4.80 Dec 2022
40 pack $0.10 per 1Ea
Unit Price
Add
1
for $4.00"	['/wcsstore/Coles-CAS/images/7/9/5/7958983-th.jpg', '/wcsstore/Coles-CAS/images/7/9/5/7958983_L-th.jpg', '/wcsstore/Coles-CAS/images/7/9/5/7958983_R-th.jpg', '/wcsstore/Coles-CAS/images/7/9/5/7958983_B-th.jpg']
Banana Boat	SPF 50+ Kids Roll On Sunscreen	$ 12 .50	75mL	$16.67 per 100mL	"Disclaimer:
Product details, including nutritional information and country of origin, may change from time to time and so the product you receive in your order may not reflect the information on this page. Please check the packaging on any product you purchase and if it's not what you expected, feel free to return it for a full refund.
Details
Ingredients:
Butyl Methoxybidenzoylmethane 5%, 4-Methylbenzylidene Camphor 4%, Octocrylene 2%, Bemotrizinol 1%
Contains:
Preservatives: Phenoxyethanol, Hydroxybenzoates Banana Boat Kids Roll On Sunscreen SPF 50+ 75mL
Storage Instructions:
Store below 30C
Suitable for:
Kids
Usage Instructions:
Wear protective clothing, a hat and sunglasses in addition to sunscreen. Reapply frequently. Avoid prolonged high-risk sun exposure. Apply liberally - always use about 4 teaspoons per application! Always apply 20 minutes before you head into the sun and allow to dry. Reapply, reapply, reapply! Every 2 hours (or more often after swimming, using a towel or sweating). Cover up with a hat, long-sleeved shirt and sunnies. Stay cool, and find shade especially between 10am-3pm.
Warning:
For external use only. Avoid contact with eyes. Do not apply to broken, damaged or diseased skin. If irritation or rash appears, discontinue use. Consult a Doctor for use on babies under 6 months of age. May stain certain surfaces and fabrics. KEEP OUT OF REACH OF CHILDREN.
Code: 7211445P
7 2 1 1 4 4 5 P
Customers also purchased
Banana Boat SPF 50+ Baby Roll On Sunscreen 75mL
Banana Boat SPF 50+ Baby Roll On Sunscreen
75mL
$12.50
75mL $16.67 per 100mL
Unit Price
Add
1
for $12.50

Banana Boat Spf 50+ Ultra Clear Spray 175g
Banana Boat Spf 50+ Ultra Clear Spray
175g
$21.00
175g $12.00 per 100G
Unit Price
Add
1
for $21.00

Banana Boat Sport 50+ Clear Spray 175g
Banana Boat Sport 50+ Clear Spray
175g
$17.50
175g $10.00 per 100G
Unit Price
Add
1
for $17.50

Banana Boat SPF 50+ Dry Balance Spray 175g
Banana Boat SPF 50+ Dry Balance Spray
175g
$21.00
175g $12.00 per 100G
Unit Price
Add
1
for $21.00"	[]
Cancer Council	SPF 50+ Kids Sunscreen	$ 19 .50	250mL	$7.80 per 100mL	"Disclaimer:
Product details, including nutritional information and country of origin, may change from time to time and so the product you receive in your order may not reflect the information on this page. Please check the packaging on any product you purchase and if it's not what you expected, feel free to return it for a full refund.
Details
Ingredients:
Active ingredients: 4-Methylbenzylidene Camphor 4% w/w, Octocrylene 4% w/w, Butyl Methoxydibenzoylmethane 3% w/w, Ethylhexyl Triazone 3% w/wPreservatives: Benzyl Alcohol, Phenoxyethanol
Storage Instructions:
Check and follow the 'use by' date stated on the packaging and store sunscreen below 30C.
Dimensions:
197 x 77 x 47mm
Usage Instructions:
Directions: Apply to dry, clean skin and rub in 20 minutes before heading outside. On an average sized adult, approximately 35mL should be applied. This is the equivalent of 1 teaspoon of sunscreen to each arm, leg, front of body, back of body and face (including neck and ears). Use 5 methods of sun protection: PROTECTIVE CLOTHING, EYEWEAR/SUNGLASSES, a BROAD-BRIM HAT and SHADE. Apply sunscreen to remaining exposed areas of skin. Avoid prolonged sun exposure and never rely on sunscreen alone, nor to extend your family's time in the sun. Important note: To ensure adequate protection, Cancer Council recommends all sunscreens be re-applied every 2 hours or immediately after swimming, sweating or towel drying.
Size:
250mL
Warning:
Caution: Not suitable for babies under 6 months old. Avoid contact with eyes and broken or damaged skin. If irritation occurs, rinse thoroughly with water, discontinue use immediately and seek medical advice if required.
Code: 4419440P
4 4 1 9 4 4 0 P
Customers also purchased
Banana Boat SPF 50+ Kids Roll On Sunscreen 75mL
Banana Boat SPF 50+ Kids Roll On Sunscreen
75mL
$12.50
75mL $16.67 per 100mL
Unit Price
Add
1
for $12.50

Nivea Sun SPF 50+ Trigger Spray Sunscreen 300mL
Nivea Sun SPF 50+ Trigger Spray Sunscreen
300mL
$26.00
300mL $8.67 per 100mL
Unit Price
Add
1
for $26.00

Cancer Council Facial Moisturiser Matte Water Resistant SPF 50+ 150mL
Cancer Council Facial Moisturiser Matte Water Resistant SPF 50+
150mL
$19.00
150mL $12.67 per 100mL
Unit Price
Add
1
for $19.00"	['/wcsstore/Coles-CAS/images/4/4/1/4419440-th.jpg', '/wcsstore/Coles-CAS/images/4/4/1/4419440_B-th.jpg']
Dettol	Instant Hand Sanitiser Clip	$ 4 .00	50mL	$8.00 per 100mL	"Disclaimer:
Product details, including nutritional information and country of origin, may change from time to time and so the product you receive in your order may not reflect the information on this page. Please check the packaging on any product you purchase and if it's not what you expected, feel free to return it for a full refund.
Details
Ingredients:
Alcohol Denat, Water, PEG/PPG-17/6 Copolymer, Propylene Glycol, Acrylates/C10-30 Alkyl Acrylate Crosspolymer, Tetrahydroxypropyl Ethylenediamine, Fragrance, Limonene.
Storage Instructions:
Store below 30C.
Usage Instructions:
Squeeze 1/2 teaspoon amount in your palm then briskly rub hands together thoroughly until dry.
Size:
50mL
Warning:
Highly flammable. Keep away from fire or flame. For external use only. Avoid eyes. In case of eye contact, flush with water. Discontinue use if skin irritation occurs. If condition persists consult a doctor. Keep out of reach of children. If swallowed, contact a Poisons Information Centre (phone: Australia 13 11 26, New Zealand 0800 764 766) or a doctor.
Code: 3517319P
3 5 1 7 3 1 9 P
Customers also purchased
Dettol Healthy Touch Liquid Antibacterial Instant Hand Sanitiser 50mL
Dettol Healthy Touch Liquid Antibacterial Instant Hand Sanitiser
50mL
$3.50
50mL $0.70 per 10mL
Unit Price
4.4 (9)
4.4 out of 5 stars from 9 ratings received
Add
1
for $3.50

Dettol 2 in 1 Hands and Surfaces Antibacterial 15 Wipes 1 pack on special
Dettol 2 in 1 Hands and Surfaces Antibacterial 15 Wipes
1 pack on special
$2.40
save
$0.60
1 pack $2.40 per 1Ea
Unit Price
4.7 (19)
4.7 out of 5 stars from 19 ratings received
Add
1
for $2.40

Dettol Hand Sanitizer Original 200mL on special
Dettol Hand Sanitizer Original
200mL on special
$6.00
save
$1.50
200mL $3.00 per 100mL
Unit Price
4.6 (5)
4.6 out of 5 stars from 5 ratings received
Add
1
for $6.00

Dettol Hand Sanitiser Clippy Pink 50mL on special
Dettol Hand Sanitiser Clippy Pink
50mL on special
$3.16
save
$0.79
50mL $6.32 per 100mL
Unit Price
Add
1
for $3.16"	['/wcsstore/Coles-CAS/images/3/5/1/3517319-th.jpg', '/wcsstore/Coles-CAS/images/3/5/1/3517319_L-th.jpg', '/wcsstore/Coles-CAS/images/3/5/1/3517319_R-th.jpg', '/wcsstore/Coles-CAS/images/3/5/1/3517319_B-th.jpg']
Dettol	Hand Sanitiser Clippy Pink	$ 3 .16	50mL	$6.32 per 100mL	"Disclaimer:
Product details, including nutritional information and country of origin, may change from time to time and so the product you receive in your order may not reflect the information on this page. Please check the packaging on any product you purchase and if it's not what you expected, feel free to return it for a full refund.
Details
Ingredients:
Alcohol Denat., Water, PEG/PPG-17/6 Copolymer, Propylene Glycol, Acrylates/C10-30 Alkyl Acrylate Crosspolymer, Tetrahydroxypropyl Ethylenediamine, Chamomile (Anthemis N Extract, Fragrance, CI 14700.
Storage Instructions:
Store below 30C.
Usage Instructions:
Squeeze 1/2 teaspoon amount in your palm then briskly rub hands together thoroughly until dry.
Size:
50mL
Warning:
Highly flammable. Keep away from fire or flame. For external use only. Avoid eyes. In case of eye contact, flush with water. Discontinue use if skin irritation occurs. If condition persists consult a doctor. Keep out of reach of children. If swallowed, contact a Poisons Information Centre (Phone: Australia 13 11 26, New Zealand 0800 764 766) or a doctor. Highly flammable. Keep away from fire or flame.
Code: 3891971P
3 8 9 1 9 7 1 P
Customers also purchased
Dettol Healthy Touch Liquid Antibacterial Instant Hand Sanitiser 50mL
Dettol Healthy Touch Liquid Antibacterial Instant Hand Sanitiser
50mL
$3.50
50mL $0.70 per 10mL
Unit Price
4.4 (9)
4.4 out of 5 stars from 9 ratings received
Add
1
for $3.50

Dettol 2 in 1 Hands and Surfaces Antibacterial 15 Wipes 1 pack on special
Dettol 2 in 1 Hands and Surfaces Antibacterial 15 Wipes
1 pack on special
$2.40
save
$0.60
1 pack $2.40 per 1Ea
Unit Price
4.7 (19)
4.7 out of 5 stars from 19 ratings received
Add
1
for $2.40

Dettol Instant Hand Sanitiser Clip 50mL
Dettol Instant Hand Sanitiser Clip
50mL
$4.00
50mL $8.00 per 100mL
Unit Price
Add
1
for $4.00"	['/wcsstore/Coles-CAS/images/3/8/9/3891971-th.jpg', '/wcsstore/Coles-CAS/images/3/8/9/3891971_B-th.jpg']
Elastoplast	Sensitive Xl Dressings	$ 6 .60	5 pack	$1.32 per 1Ea	"Disclaimer:
Product details, including nutritional information and country of origin, may change from time to time and so the product you receive in your order may not reflect the information on this page. Please check the packaging on any product you purchase and if it's not what you expected, feel free to return it for a full refund.
Details
Contains:
5 Dressings
Storage Instructions:
Store in a cool, dry place.
Suitable for:
Suitable after minor surgery.
Usage Instructions:
Sterile unless wrapper is damaged is open. Clean wound and gently dry skin. Apply without stretching.
Size:
5 Pack
Warning:
Always follow the directions for use. 0% Latex No risk or allergies caused by Latex.
Code: 4197359P
4 1 9 7 3 5 9 P
Customers also purchased
Coles Medistrips Waterproof Strips 20 pack everyday product
Coles Medistrips Waterproof Strips
20 pack everyday product
$2.15
20 pack $0.11 per 1Ea
Unit Price
Add
1
for $2.15

Elastoplast Flexible Fabric Strips 40 pack
Elastoplast Flexible Fabric Strips
40 pack
$4.00
Until 14 Mar 2023
Was $4.80 Dec 2022
40 pack $0.10 per 1Ea
Unit Price
Add
1
for $4.00

Elastoplast Aqua Protect Xxl 5 pack
Elastoplast Aqua Protect Xxl
5 pack
$15.00
5 pack $3.00 per 1Ea
Unit Price
Add
1
for $15.00"	['/wcsstore/Coles-CAS/images/4/1/9/4197359-th.jpg', '/wcsstore/Coles-CAS/images/4/1/9/4197359_L-th.jpg', '/wcsstore/Coles-CAS/images/4/1/9/4197359_R-th.jpg', '/wcsstore/Coles-CAS/images/4/1/9/4197359_B-th.jpg']
Nature's Way	Vita Gummies Multi-Vitamins 60 Pastilles	$ 11 .00	1 pack	$11.00 per 1Ea	"Disclaimer:
Product details, including nutritional information and country of origin, may change from time to time and so the product you receive in your order may not reflect the information on this page. Please check the packaging on any product you purchase and if it's not what you expected, feel free to return it for a full refund.
Details
Ingredients:
Each Pastille (soft gummie) contains: Ascorbic Acid (Vitamin C) 20 mg Nicotinamide 6 mg dl-alpha-Tocopheryl Acetate (Vitamin E) 3.5 mg Pyridoxine Hydrochloride 608 micrograms equiv. to Pyridoxine (Vitamin B6) 500 micrograms Biotin (Vitamin H) 8.7 micrograms Colecalciferol (Vitamin D3 100IU) 2.5 micrograms Cyanocobalamin (Vitamin B12) 0.75 micrograms Thiamine (Vitamin B1) nitrate 350 micrograms Riboflavin (Vitamin B2) 125 micrograms Calcium (as Calcium Phosphate) 5 mg Iodine (as Potassium Iodide) 22.5 micrograms Magnesium (as dibasic magnesium phosphate trihydrate) 5 mg Zinc (as Zinc sulfate heptahydrate) 1mg Spinacia oleracea (Spinach) leaf powder 5 mg Daucus carota (Carrot) root powder 5 mg Beta vulgaris (Beetroot) root powder 5 mg Cynara scolymus (Artichoke) flower bud powder 5mg
Contains:
Gluten, sulfites and sugars. 60 Pastilles
Storage Instructions:
Store below 25C
Suitable for:
Children 2+ years
Usage Instructions:
Children 2-3 years: Give one pastille per day Children 4+ years: Give two pastilles per day. Or as advised by your health professional Vitamins and minerals can only be of assistance if dietary intake is inadequate. Store below 25 C
Size:
60 Pack
Warning:
Vitamins and minerals can only be of assistance if dietary vitamin intake is inadequate. Not to be used in children under 2 years. Contains sugars, sulfites and gluten. Do not use if tamper evident seal is broken or missing. Store below 25C. Always read the label and follow the directions for use. Not to be used in children under 2 years old.
Code: 2265731P
2 2 6 5 7 3 1 P
Customers also purchased
Cenovis Multivitamin + Minerals Tablets Multi For Energy 200 pack on special
Cenovis Multivitamin + Minerals Tablets Multi For Energy
200 pack on special
buy any 2 for $20.00
Any 2
$ 20
regular price
$15.85 ea
each
200 pack $7.93 per 100Ea
Unit Price
Pick any 2 for $20.00 ...

Centrum Multivitamin & Minerals Dietary Supplement For Women 50+ 60 Tablets 1 Pack plus bonus flybuys points
Centrum Multivitamin & Minerals Dietary Supplement For Women 50+ 60 Tablets
1 Pack plus bonus flybuys points
regular price
$22.00 ea
each
1 Pack $36.67 per 100Ea
Unit Price
Add
1
for $22.00

Nature's Way Beauty Collagen Berry 40 Gummies 1 pack
Nature's Way Beauty Collagen Berry 40 Gummies
1 pack
$22.00
1 pack $22.00 per 1Ea
Unit Price
3.7 (68)
3.7 out of 5 stars from 68 ratings received
Add
1
for $22.00

Voost Multivitamin + Minerals Orange 20 Effervescent Tablets 1 Pack on special
Voost Multivitamin + Minerals Orange 20 Effervescent Tablets
1 Pack on special
buy any 2 for $16.00
Any 2
$ 16
regular price
$9.00 ea
each
1 Pack $9.00 per 1Ea
Unit Price
Pick any 2 for $16.00 ..."	['/wcsstore/Coles-CAS/images/2/2/6/2265731-th.jpg', '/wcsstore/Coles-CAS/images/2/2/6/2265731_L-th.jpg', '/wcsstore/Coles-CAS/images/2/2/6/2265731_B-th.jpg']
Pentavite	Oral Liquid Multivitamins with Iron	$ 21 .00	200mL	$10.50 per 100mL	"Disclaimer:
Product details, including nutritional information and country of origin, may change from time to time and so the product you receive in your order may not reflect the information on this page. Please check the packaging on any product you purchase and if it's not what you expected, feel free to return it for a full refund.
Details
Storage Instructions:
Store upright below 25C. Refrigerate after opening. Secure bottle cap tightly.
Suitable for:
Kids 1-12 years
Usage Instructions:
Do not shake. Use within 9 weeks of opening. Pentavite Multivitamin + Iron Kids Liquid is recommended for children over 12 months of age.
Size:
200mL
Warning:
Contains sorbates and 2.2 g sorbitol per 5 mL dose. Products containing sorbitol may have a laxative effect or cause diarrhoea. Contains saccharin sodium. Do not use if seal around cap is broken or missing.
Code: 8095420P
8 0 9 5 4 2 0 P
Customers also purchased
Nature's Way Kids Smart Vita Gummies Vitamin C 60 pack
Nature's Way Kids Smart Vita Gummies Vitamin C
60 pack
$16.50
60 pack $0.28 per 1Ea
Unit Price
Add
1
for $16.50

Nature's Way Kids Smart Iron Chewables 50 pack
Nature's Way Kids Smart Iron Chewables
50 pack
$15.00
50 pack $0.30 per 1Ea
Unit Price
Add
1
for $15.00

Pentavite Kids Gummies Multivitamin 60 pack on special
Pentavite Kids Gummies Multivitamin
60 pack on special
buy any 2 for $18.00
Any 2
$ 18
regular price
$16.00 ea
each
60 pack $26.67 per 100Ea
Unit Price
Pick any 2 for $18.00 ..."	['/wcsstore/Coles-CAS/images/8/0/9/8095420-th.jpg', '/wcsstore/Coles-CAS/images/8/0/9/8095420_L-th.jpg', '/wcsstore/Coles-CAS/images/8/0/9/8095420_R-th.jpg', '/wcsstore/Coles-CAS/images/8/0/9/8095420_B-th.jpg']
Banana Boat	SPF 50+ Simply Protect Sunscreen Kids Lotion Spray	$ 21 .00	175g	$12.00 per 100G	"Disclaimer:
Product details, including nutritional information and country of origin, may change from time to time and so the product you receive in your order may not reflect the information on this page. Please check the packaging on any product you purchase and if it's not what you expected, feel free to return it for a full refund.
Details
Ingredients:
Homosalate 7.96% w/w, Octyl Salicylate 3.98% w/w, Octocrylene 3.58% w/w, Butyl Methoxydibenzoylmethane 2.98% w/w, 4-Methylbenzylidene Camphor 1.99% w/w
Contains:
Alcohol 20.1% v/v, Benzoates Banana Boat Kids Sunscreen Spray SPF 50+ 175g
Storage Instructions:
Store below 30C
Suitable for:
Kids
Usage Instructions:
Approximately 5 applications per 175g can (for big kids - average sized 10 year old) Approximately 10 applications per 175g can (for little kids - average sized 3 year old). A) Wear protective clothing, a hat and sunglasses in addition to sunscreen. Reapply frequently. Avoid prolonged high-risk sun exposure. Shake well before use. Hold can 10-15cm away from body and apply generously to all exposed areas; rubbing into skin by hand for full & even coverage. Skin should look wet after applying. Do not spray directly on face. Spray on hands and then apply to face. Use in a well ventilated area. Avoid inhalation. Do not apply in windy conditions. Always apply 20 minutes before you head into the sun and allow to dry. *Reapply every 2 hours or more often when sweating and immediately after swimming or using a towel. Cover with a hat, long-sleeve shirt and sunnies. Stay cool, and find shade especially between 10am - 3pm.
Size:
175g
Warning:
Avoid prolonged exposure to the sun. For external use only. Avoid contact with eyes. Do not apply to broken, damaged or diseased skin. If irritation or rash appears, discontinue use. Consult a Doctor for use on babies under 6 months of age. May stain certain surfaces and fabrics. Store below 30C. Check expiration date before using EXTREMELY FLAMMABLE. DO NOT SPRAY ON A NAKED FLAME OR ANY INCANDESCENT MATERIAL. KEEP AWAY FROM SOURCES OF IGNITION-NO SMOKING. PRESSURISED DISPENSER. PROTECT FROM SUNLIGHT AND DO NOT EXPOSE TO TEMPERATURES EXCEEDING 50C. DO NOT PIERCE OR BURN, EVEN AFTER USE.
Code: 3566518P
3 5 6 6 5 1 8 P
Customers also purchased
Banana Boat Spf 50+ Ultra Clear Spray 175g
Banana Boat Spf 50+ Ultra Clear Spray
175g
$21.00
175g $12.00 per 100G
Unit Price
Add
1
for $21.00

Nivea Sun SPF 50+ Trigger Spray Sunscreen 300mL
Nivea Sun SPF 50+ Trigger Spray Sunscreen
300mL
$26.00
300mL $8.67 per 100mL
Unit Price
Add
1
for $26.00

Invisible Zinc Sheer Defence Tinted Moisturiser SPF 50 Medium 50g
Invisible Zinc Sheer Defence Tinted Moisturiser SPF 50 Medium
50g
$34.00
50g $68.00 per 100G
Unit Price
Add
1
for $34.00

Surf Life Saving Sport Sunscreen Tube SPF50+ 200mL on special
Surf Life Saving Sport Sunscreen Tube SPF50+
200mL on special
$13.20
save
$3.30
200mL $6.60 per 100mL
Unit Price
Add
1
for $13.20"	[]
Elastoplast	Sport Rigid Strapping Tape	$ 10 .00	1 pack	$10.00 per 1Ea	"Disclaimer:
Product details, including nutritional information and country of origin, may change from time to time and so the product you receive in your order may not reflect the information on this page. Please check the packaging on any product you purchase and if it's not what you expected, feel free to return it for a full refund.
Details
Storage Instructions:
Store in a dry place below 30C.
Suitable for:
Suitable for taping: 38mm: Ankles, elbows and shoulders
Usage Instructions:
For skin protection, stability and maximum compression, we recommend using the UTB method: Underwrap: Use Elastoplast Pre-Taping Underwrap to protect skin Tape: Use Elastoplast Rigid Strapping Tape for stability to prevent and treat injury Bandage: Overwrap Elastoplast Elastic Adhesive Bandage for strong compression and extra support Instructional taping and bandaging leaflet included.
Size:
1 Pack
Warning:
To avoid circulation problems do not apply too tightly. If numbness and tingling result, remove tape and reapply with reduced tightness. Seek medical advice if injury is severe. Our tapes are developed in collaboration with a panel of specialised physicians and medical therapists. Hand-tearable for faster and easier application, no scissors required.
Code: 3432453P
3 4 3 2 4 5 3 P
Customers also purchased
Band-Aid Tough Strips 40 pack
Band-Aid Tough Strips
40 pack
$4.80
Was $6.00 Apr 2022
40 pack $0.12 per 1Ea
Unit Price
Add
1
for $4.80

Band Aid XL Fabric Tough Strips 10 pack
Band Aid XL Fabric Tough Strips
10 pack
$4.00
10 pack $0.40 per 1Ea
Unit Price
Add
1
for $4.00"	['/wcsstore/Coles-CAS/images/3/4/3/3432453-th.jpg', '/wcsstore/Coles-CAS/images/3/4/3/3432453_L-th.jpg', '/wcsstore/Coles-CAS/images/3/4/3/3432453_R-th.jpg', '/wcsstore/Coles-CAS/images/3/4/3/3432453_B-th.jpg']
Lynx	Men Body Wash Africa	$ 6 .50	400mL	$1.63 per 100mL	"Disclaimer:
Product details, including nutritional information and country of origin, may change from time to time and so the product you receive in your order may not reflect the information on this page. Please check the packaging on any product you purchase and if it's not what you expected, feel free to return it for a full refund.
Details
Ingredients:
Water, Sodium Laureth Sulfate/Sodium C12-13 Pareth Sulfate*, Cocamidopropyl Betaine, Cocamide Mea, Fragrance, Glycerin, Menthol, Sodium Chloride, Ppg-12, Citric Acid, Sodium Benzoate, Ci 16255 *Used Interchangeably
Contains:
400ml
Usage Instructions:
Squeeze Out Gel. Lather On Body. Rinse Well.
Size:
400ml
Warning:
Caution: Use Only As Directed Avoid Contact With Eyes. If Eye Contact Occurs, Imemdiately Rinse With Water. If Rash Or Irritation Occurs, Discontinue Use. Check If Full Stop (.) Needed After Directed.
Code: 5103995P
5 1 0 3 9 9 5 P
Customers also purchased
Nivea Men Power Fresh Shower Gel & Body Wash 500mL
Nivea Men Power Fresh Shower Gel & Body Wash
500mL
$9.00
500mL $1.80 per 100mL
Unit Price
Add
1
for $9.00

Lynx Men Body Wash Black 400mL
Lynx Men Body Wash Black
400mL
$6.50
400mL $1.63 per 100mL
Unit Price
Add
1
for $6.50

Lynx Mens Body Wash Africa 1L
Lynx Mens Body Wash Africa
1L
$10.00
Until 30 May 2023
Was $13.20 Oct 2022
1L $1.00 per 100mL
Unit Price
Add
1
for $10.00

Lynx Ice Chill 3 In 1 Shower Gel Body Wash 400mL
Lynx Ice Chill 3 In 1 Shower Gel Body Wash
400mL
$6.50
400mL $1.63 per 100mL
Unit Price
Add
1
for $6.50"	['/wcsstore/Coles-CAS/images/5/1/0/5103995-th.jpg', '/wcsstore/Coles-CAS/images/5/1/0/5103995_L-th.jpg', '/wcsstore/Coles-CAS/images/5/1/0/5103995_R-th.jpg', '/wcsstore/Coles-CAS/images/5/1/0/5103995_B-th.jpg']
Banana Boat	SPF 50+ Kids Sunscreen Pump	$ 26 .00	400g	$6.50 per 100G	"Disclaimer:
Product details, including nutritional information and country of origin, may change from time to time and so the product you receive in your order may not reflect the information on this page. Please check the packaging on any product you purchase and if it's not what you expected, feel free to return it for a full refund.
Details
Ingredients:
Butyl Methoxybidenzoylmethane 5% w/w, 4-Methylbenzylidene Camphor 4% w/w, Octocrylene 2% w/w , Bemotrizinol 1% w/w
Contains:
Preservatives: Phenoxyethanol, Hydroxybenzoates Banana Boat Kids Sunscreen Lotion SPF 50+ 400g
Storage Instructions:
Store below 30C
Suitable for:
Kids
Usage Instructions:
Wear protective clothing, a hat and sunglasses in addition to sunscreen. Reapply frequently. Avoid prolonged high-risk sun exposure. Apply liberally - always use about 7 teaspoons per application! Always apply 20 minutes before you head into the sun and allow to dry. Reapply, reapply, reapply! Every 2 hours (or more often after swimming, using a towel or sweating). Cover up with a hat, long-sleeved shirt and sunnies. Stay cool, and find shade especially between 10am-3pm.
Size:
400g
Warning:
Avoid prolonged exposure to the sun. For external use only. Avoid contact with eyes. Do not apply to broken, damaged or diseased skin. If irritation or rash appears, discontinue use. Consult a Doctor for use on babies under 6 months of age. May stain certain surfaces and fabrics. KEEP OUT OF REACH OF CHILDREN. Store below 30C. Check expiration date before using.
Code: 7211503P
7 2 1 1 5 0 3 P
Customers also purchased
Banana Boat SPF 50+ Baby Roll On Sunscreen 75mL
Banana Boat SPF 50+ Baby Roll On Sunscreen
75mL
$12.50
75mL $16.67 per 100mL
Unit Price
Add
1
for $12.50

Banana Boat SPF 50+ Kids Roll On Sunscreen 75mL
Banana Boat SPF 50+ Kids Roll On Sunscreen
75mL
$12.50
75mL $16.67 per 100mL
Unit Price
Add
1
for $12.50

Invisible Zinc Sheer Defence Tinted Moisturiser SPF 50 Medium 50g
Invisible Zinc Sheer Defence Tinted Moisturiser SPF 50 Medium
50g
$34.00
50g $68.00 per 100G
Unit Price
Add
1
for $34.00

Coles SPF 50+ Sunscreen Ultra Pump 1L everyday product
Coles SPF 50+ Sunscreen Ultra Pump
1L everyday product
$8.50
1L $0.85 per 100mL
Unit Price
Add
1
for $8.50"	[]
Cuddly	Soft & Sensitive Fabric Conditioner	$ 10 .00	1L	$10.00 per 1L	"Disclaimer:
Product details, including nutritional information and country of origin, may change from time to time and so the product you receive in your order may not reflect the information on this page. Please check the packaging on any product you purchase and if it's not what you expected, feel free to return it for a full refund.
Details
Storage Instructions:
Store in a cool, dry area out of sunlight.
Usage Instructions:
Cuddly is ready to use so there is no need to dilute. never pour directly onto fabrics. Fabric conditioners are not for use on children's sleepwear, or other garments labelled as flame resistant, as they may reduce flame resistance. Top Loader: Cuddly can be added to your machine's fabric conditioner dispensing unit or diluted and added to the final rinse. Front Loader: Add Cuddly to your machine's fabric conditioner dispenser unit only. This is often marked with a flower.
Size:
1L
Warning:
Keep out of reach of children. Eye contact: If product contacts the eyes, rinse thoroughly with water and seek medical advice. If swallowed: See medical advice. Medical Advice: 131 126 (Australia) or 0800 764 766 (New Zealand).
Code: 7319328P
7 3 1 9 3 2 8 P
Customers also purchased
Fluffy Regular Liquid Fabric Softener Conditioner Summer Breeze 2L
Fluffy Regular Liquid Fabric Softener Conditioner Summer Breeze
2L
$7.50
2L $3.75 per 1L
Unit Price
Add
1
for $7.50

Cuddly Sunshine Fresh Fabric Conditioner 1L
Cuddly Sunshine Fresh Fabric Conditioner
1L
$10.00
1L $10.00 per 1L
Unit Price
4.5 (54)
4.5 out of 5 stars from 54 ratings received
Add
1
for $10.00

Fluffy Concentrate Liquid Fabric Softener Conditioner Divine Blends Lotus Flower & Sea Minerals 900mL
Fluffy Concentrate Liquid Fabric Softener Conditioner Divine Blends Lotus Flower & Sea Minerals
900mL
$9.00
900mL $10.00 per 1L
Unit Price
Add
1
for $9.00

Soft & Sensitive Fabric Conditioner"	['/wcsstore/Coles-CAS/images/7/3/1/7319328-th.jpg', '/wcsstore/Coles-CAS/images/7/3/1/7319328_B-th.jpg']
OMO	Active Clean Front & Top Loader Laundry Detergent Washing Powder	$ 13 .00	2kg	$6.50 per 1Kg	"Disclaimer:
Product details, including nutritional information and country of origin, may change from time to time and so the product you receive in your order may not reflect the information on this page. Please check the packaging on any product you purchase and if it's not what you expected, feel free to return it for a full refund.
Details
Ingredients:
Sodium Sulfate, Sodium Carbonate, Sodium Dodecylbenzene Sulfonate, Sodium Silicate, Sodium Carbonate Peroxide, Zeolite, Sodium Acrylic Acid/Ma Copolymer, C12-15 Pareth-7, Tetraacetyl Ethylene Diamine, Perfume, Disodium Anilinomorpholinotriazinylaminostilbenesulfonate, , Disodium Distyrylbiphenyl Disulfonate, Cellulose Gum, Calcium Sodium Edtmp, Phenylpropyl Ethyl Methicone, Protease, Amylase, Mannanase, Lipase, Water, Ci 74160.
Contains:
2kg
Usage Instructions:
How Much To Use: Washing: Front And Top Loader: 1 Scoop For Normal Load. 1 1/2 Scoops For Large Loads Or Hard Water. For Front Loading And He Machines Add Powder To The Dispenser Drawer Of Your Machine. For Top Loader Machines Add Powder Into Your Machine, Add Clothes, Then Start The Machine. Soaking Bucket: 1/2 Scoop Per 5 Litre Of Water. Soaking Machine: 1 Scoop. Fill Machine As Per Normal Load And Pause Cycle Once Full. Soak In Highest Water Temperature Recommended On Clothes Care Label. Soak For At Least 30Minutes Or Soak Overnight For Tough Stains. Note For Blood Stains Only Soak In Cold Water. Avoid Overloading The Machine. Not Suitable For Silk, Wool, Or Other Delicate Fabrics.
Size:
2kg
Warning:
USE ONLY AS DIRECTED HAND & SKIN CARE After use, rinse and dry hands thoroughly If skin is sensitive or damaged avoid contact with the powder or wash solution IF SWALLOWED Remove from the mouth Give fluids (1-2 glasses) to dilute Seek medical advice IF IN CONTACT WITH EYES Flush with water for at least 15 minutes Seek medical advice KEEP OUT OF REACH OF CHILDRENFOR MEDICAL ADVICE CALL 131 126
Code: 2731561P
2 7 3 1 5 6 1 P
Customers also purchased
OMO Active Clean Front & Top Loader Laundry Detergent Washing Powder 5kg everyday product
OMO Active Clean Front & Top Loader Laundry Detergent Washing Powder
5kg everyday product
$36.00
5kg $7.20 per 1Kg
Unit Price
Add
1
for $36.00

OMO Sensitive Top & Front Loader Laundry Detergent Washing Powder 2kg on special
OMO Sensitive Top & Front Loader Laundry Detergent Washing Powder
2kg on special
$13.00
save
$13.00
2kg $6.50 per 1Kg
Unit Price
Add
1
for $13.00

Biozet Attack Powder Plus Eliminator 2kg on special
Biozet Attack Powder Plus Eliminator
2kg on special
$13.00
save
$13.00
2kg $6.50 per 1Kg
Unit Price
Add
1
for $13.00

OMO Laundry Powder Ultimate Anz 2 kg
OMO Laundry Powder Ultimate Anz
2 kg
$29.00
2 kg $14.50 per 1Kg
Unit Price
Add
1
for $29.00"	['/wcsstore/Coles-CAS/images/2/7/3/2731561-th.jpg', '/wcsstore/Coles-CAS/images/2/7/3/2731561_B-th.jpg']
OMO	Sensitive Top & Front Loader Laundry Detergent Washing Powder	$ 13 .00	2kg	$6.50 per 1Kg	"Disclaimer:
Product details, including nutritional information and country of origin, may change from time to time and so the product you receive in your order may not reflect the information on this page. Please check the packaging on any product you purchase and if it's not what you expected, feel free to return it for a full refund.
Details
Ingredients:
Sodium Sulfate, Sodium Carbonate, Sodium Dodecylbenzene Sulfonate, Sodium Silicate, Zeolite, Sodium Acrylic Acid/Ma Copolymer, C12-15 Pareth-7, Disodium Anilinomorpholinotriazinylaminostilbenesulfonate, , Disodium Distyrylbiphenyl Disulfonate, Cellulose Gum, Calcium Sodium Edtmp, Phenylpropyl Ethyl Methicone, Water
Contains:
2kg
Storage Instructions:
Keep Out Of Reach Of Children
Usage Instructions:
How Much To Use: Washing: Front And Top Loader: 1 Scoop For Normal Load. 1 1/2 Scoops For Large Loads Or Hard Water. For Front Loading And He Machines Add Powder To The Dispenser Drawer Of Your Machine. For Top Loader Machines Add Powder Into Your Machine, Add Clothes, Then Start The Machine. Soaking Bucket: 1/2 Scoop Per 5 Litre Of Water. Soaking Machine: 1 Scoop. Fill Machine As Per Normal Load And Pause Cycle Once Full. Soak In Highest Water Temperature Recommended On Clothes Care Label. Soak For At Least 30Minutes Or Soak Overnight For Tough Stains. Note For Blood Stains Only Soak In Cold Water. Avoid Overloading The Machine. Not Suitable For Silk, Wool, Or Other Delicate Fabrics.
Size:
2kg
Warning:
USE ONLY AS DIRECTED HAND & SKIN CARE After use, rinse and dry hands thoroughly If skin is sensitive or damaged avoid contact with the powder or wash solution IF SWALLOWED Remove from the mouth Give fluids (1-2 glasses) to dilute Seek medical advice IF IN CONTACT WITH EYES Flush with water for at least 15 minutes Seek medical advice KEEP OUT OF REACH OF CHILDRENFOR MEDICAL ADVICE CALL 131 126
Code: 2731776P
2 7 3 1 7 7 6 P
Customers also purchased
OMO Active Clean Front & Top Loader Laundry Detergent Washing Powder 2kg on special
OMO Active Clean Front & Top Loader Laundry Detergent Washing Powder
2kg on special
$13.00
save
$13.00
2kg $6.50 per 1Kg
Unit Price
Add
1
for $13.00

OMO Sensitive Front & Top Loader Laundry Detergent Washing Powder 1kg
OMO Sensitive Front & Top Loader Laundry Detergent Washing Powder
1kg
$14.50
1kg $14.50 per 1Kg
Unit Price
Add
1
for $14.50

Radiant Whites Or Colours Laundry Powder Washing Detergent 2kg on special
Radiant Whites Or Colours Laundry Powder Washing Detergent
2kg on special
$10.00
save
$10.00
2kg $5.00 per 1Kg
Unit Price
Add
1
for $10.00"	['/wcsstore/Coles-CAS/images/2/7/3/2731776-th.jpg', '/wcsstore/Coles-CAS/images/2/7/3/2731776_L-th.jpg', '/wcsstore/Coles-CAS/images/2/7/3/2731776_R-th.jpg', '/wcsstore/Coles-CAS/images/2/7/3/2731776_B-th.jpg']
Vanish	Napisan Gold Multi Power Stain Remover & Laundry Booster Powder	$ 25 .00	2kg	$12.50 per 1Kg	"Disclaimer:
Product details, including nutritional information and country of origin, may change from time to time and so the product you receive in your order may not reflect the information on this page. Please check the packaging on any product you purchase and if it's not what you expected, feel free to return it for a full refund.
Details
Contains:
Sodium Percarbonate 330g/kg
Storage Instructions:
Store in a cool dry place below 30C.
Suitable for:
Suitable for colours and whites, safe on fabrics (everyday fabrics like cotton and polycotton)
Usage Instructions:
For Best Results: - Remove all loose matter. - Treat all stains as soon as possible with Vanish Preen Fabric Stain Remover. - Before soaking, dissolve powder fully and completely submerge item in solution for even cleaning results. Care Advice: - Always follow garment manufacturer's instructions. - Soak colours separately from whites. Only use on washable colourfast fabrics. - Always check for colourfastness first by soaking or pre-treating a hidden part of the garment for 2 hours. Items which are non-colourfast in normal washing may run if soaked for a time, even in water alone. - Do not use on wool, silk, leather, chiffon, satin, embroidered garments or on any fabric (such as stretch, denim or flourescent) that may use non-colourfast dyes. - Do not soak metal buttons or zippers. Notes: Stains like rust, bleach damage and dried paint, ink or dyes may be impossible to remove. Vanish NapiSan contains an oxygen-based bleaching agent, it does not contain chlorine bleach. Consult system manufacturer before use in septic biocycle systems. In-Wash: Just add one scoop in every wash, alongside your regular detergent! For top loader: Use 1 scoop (60g) + detergent For front loader: Use 1/2 scoop (30g) + detergent Soak: 1. For best results rub stains before rinsing. 2. Fully dissolve 1/2 scoop (30g) in 7L of warm water (max 40C) 3. For best results soak colours and/or whites for max 2 hours. 4. After soaking, wash as usual with regular detergent or rinse thoroughly. Tough stains may require repeat applications. Pre-Treat: 1. Mix 1/2 scoop (30g) of powder with 11/2 scoops of water (max 40C). 2. Stir for 30 seconds. 3. Apply the mix on the stain and rub as needed using the bottom of the scoop (leave for max 5 mins). 4. Clean and dry the scoop before placing back into tub. 5. After pre-treating, wash as per 'In-Wash' instructions.
Size:
2kg
Warning:
Keep out of reach of children. For advice contact a Poisons Information Centre (phone Australia 13 11 26; New Zealand 0800 764 766) or a doctor. If swallowed, Do not induce vomiting. Call a Poisons Information Centre if you feel unwell. If skin and hair contact occurs, remove contaminated clothing and flush skin and hair with running water. If in eyes wash out immediately with a large amount of water. Remove contact lenses, if present and easy to do. Continue rinsing. Contact a doctor if irritation persists. Vanish NapiSan is filled by weight, not volume. Some settling may occur.
Code: 5061090P
5 0 6 1 0 9 0 P
Customers also purchased
Vanish Napisan Crystal White Oxi Action Pre Treat In Wash & Powder Laundry Soak 2kg
Vanish Napisan Crystal White Oxi Action Pre Treat In Wash & Powder Laundry Soak
2kg
$19.00
2kg $9.50 per 1Kg
Unit Price
4.0 (1)
4.0 out of 5 stars from 1 ratings received
Add
1
for $19.00

Napisan Gold Multi Power Stain Remover & Laundry Booster Powder"	['/wcsstore/Coles-CAS/images/5/0/6/5061090-th.jpg', '/wcsstore/Coles-CAS/images/5/0/6/5061090_L-th.jpg', '/wcsstore/Coles-CAS/images/5/0/6/5061090_R-th.jpg', '/wcsstore/Coles-CAS/images/5/0/6/5061090_B-th.jpg']
Earth Choice	Laundry Liquid	$ 3 .00	1L	$3.00 per 1L	"Disclaimer:
Product details, including nutritional information and country of origin, may change from time to time and so the product you receive in your order may not reflect the information on this page. Please check the packaging on any product you purchase and if it's not what you expected, feel free to return it for a full refund.
Details
Ingredients:
Water, Alkyl Polyglycosides, Sodium Coco Sulfate, Sodium Carbonate, Sodium Citrate, Sodium Oleate, Sodium Bicarbonate, Fragrance, Benzisothiazolinone, CI 61585.
Environmental:
No Animal Testing, Biodegradable
Usage Instructions:
- Do not pour directly onto fabric. - For new items, check colour fastness. - Always follow manufacturer's instructions. - Separate whites from colours. - For woollen garments use Earth Choice Wool & Delicates. - To enhance garment softness use Earth Choice Fabric Softener. Top Loader: Light: 60mL, Heavy: 80mL. Front Loader: 30mL. Hand wash: 50mL. Per 5L bucket of water.
Size:
1L
Warning:
Keep out of reach of children. If swallowed, rinse mouth out with water. Drink 1-2 glasses of water to dilute & seek medical advice. If eye contact occurs, flush thoroughly with water & seek medical advice.
Code: 5417381P
5 4 1 7 3 8 1 P
Customers also purchased
Organic Choice Orange Bergamot & Wild Lavender Luxe Laundry Liquid 1L
Organic Choice Orange Bergamot & Wild Lavender Luxe Laundry Liquid
1L
$10.50
1L $10.50 per 1L
Unit Price
Add
1
for $10.50

Ecover Non-Bio Laundry Liquid Lavender & Sandalwood 28 Washes 1L
Ecover Non-Bio Laundry Liquid Lavender & Sandalwood 28 Washes
1L
$12.00
1L $12.00 per 1L
Unit Price
Add
1
for $12.00

Cove By Earth Choice Hyper Concentrated Laundry Refill 450mL on special
Cove By Earth Choice Hyper Concentrated Laundry Refill
450mL on special
$8.00
save
$2.00
450mL $17.78 per 1L
Unit Price
Add
1
for $8.00

Fab Intense Fresh Laundry Liquid 1.8L
Fab Intense Fresh Laundry Liquid
1.8L
$9.00
Was $14.00 Apr 2022
1.8L $5.00 per 1L
Unit Price
1more variety
of Fab Intense Fresh Laundry Liquid 1.8L
Add
1
for $9.00"	['/wcsstore/Coles-CAS/images/5/4/1/5417381-th.jpg', '/wcsstore/Coles-CAS/images/5/4/1/5417381_B-th.jpg']
Coles	Cotton Fresh Fabric Conditioner	$ 3 .25	2L	$1.63 per 1L	"Disclaimer:
Product details, including nutritional information and country of origin, may change from time to time and so the product you receive in your order may not reflect the information on this page. Please check the packaging on any product you purchase and if it's not what you expected, feel free to return it for a full refund.
Details
Storage Instructions:
Store in a cool, dry place away from sunlight.
Code: 2732065P
2 7 3 2 0 6 5 P
Customers also purchased
Coles Concentrate Fabric Softener Apple 250mL
Coles Concentrate Fabric Softener Apple
250mL
$1.00
250mL $4.00 per 1L
Unit Price
Add
1
for $1.00

Fluffy Dryer Sheets Fabric Softener Conditioner Field Flowers 40 pack
Fluffy Dryer Sheets Fabric Softener Conditioner Field Flowers
40 pack
$7.50
40 pack $0.19 per 1Ea
Unit Price
Add
1
for $7.50

Coles Sunny Days Fabric Conditioner 2L
Coles Sunny Days Fabric Conditioner
2L
$3.80
2L $1.90 per 1L
Unit Price
Add
1
for $3.80

Coles Sensitive Fab Softener 2L
Coles Sensitive Fab Softener
2L
$3.80
2L $1.90 per 1L
Unit Price
Add
1
for $3.80"	['/wcsstore/Coles-CAS/images/2/7/3/2732065-th.jpg', '/wcsstore/Coles-CAS/images/2/7/3/2732065_B-th.jpg']
Vanish	Napisan Gold Multi Power Crystal White Stain Remover & Laundry Booster Powder	$ 25 .00	2kg	$12.50 per 1Kg	"Disclaimer:
Product details, including nutritional information and country of origin, may change from time to time and so the product you receive in your order may not reflect the information on this page. Please check the packaging on any product you purchase and if it's not what you expected, feel free to return it for a full refund.
Details
Contains:
Sodium Percarbonate 297g/kg
Storage Instructions:
Store in a cool dry place below 30C.
Suitable for:
Suitable for colours and whites, safe on fabrics (everyday fabrics like cotton and polycotton).
Usage Instructions:
For Best Results: - Remove all loose matter. - Treat all stains as soon as possible with Vanish Preen Fabric Stain Remover. - Before soaking, dissolve powder fully and completely submerge item in solution for even cleaning results. Care Advice: - Always follow garment manufacturer's instructions. - Soak colours separately from whites. Only use on washable colourfast fabrics. - Always check for colourfastness first by soaking or pre-treating a hidden part of the garment for 2 hours. Items which are non-colourfast in normal washing may run if soaked for a time, even in water alone. - Do not use on wool, silk, leather, chiffon, satin, embroidered garments or on any fabric (such as stretch, denim or flourescent) that may use non-colourfast dyes. - Do not soak metal buttons or zippers. Notes: Stains like rust, bleach damage and dried paint, ink or dyes may be impossible to remove. Vanish NapiSan contains an oxygen-based bleaching agent, it does not contain chlorine bleach. Consult system manufacturer before use in septic biocycle systems. In-Wash: Just add one dose in every wash, alongside your regular detergent! For top loader: Use 1 1/2 scoop (90g) + detergent For front loader: Use 1 scoop (60g) + detergent Soak: 1. For best results rub stains before rinsing. 2. Fully dissolve 1/2 scoop (30g) in 7L of warm water (max 40C) 3. For best results, soak colours and/or whites for max 2 hours. 4. After soaking, wash as usual with regular detergent or rinse thoroughly. Tough stains may require repeat applications. Pre-Treat: 1. Mix 1/2 scoop (30g) of powder with 11/2 scoops of water (max 40C). 2. Stir for 30 seconds. 3. Apply the mix on the stain and rub as needed using the bottom of the scoop (leave for max 5 mins). 4. Clean and dry the scoop before placing back into tub. 5. After pre-treating, wash as per 'In-Wash' instructions.
Size:
2kg
Warning:
Keep out of reach of children. For advice contact a Poisons Information Centre (phone Australia 13 11 26; New Zealand 0800 764 766) or a doctor. If swallowed, Do not induce vomiting. Call a Poisons Information Centre if you feel unwell. If skin and hair contact occurs, remove contaminated clothing and flush skin and hair with running water. If in eyes wash out immediately with a large amount of water. Remove contact lenses, if present and easy to do. Continue rinsing. Contact a doctor if irritation persists. Vanish NapiSan is filled by weight, not volume. Some settling may occur.
Code: 5066935P
5 0 6 6 9 3 5 P
Customers also purchased
Lectric Washing Soda Powder 1kg everyday product
Lectric Washing Soda Powder
1kg everyday product
$5.00
1kg $5.00 per 1Kg
Unit Price
Add
1
for $5.00

Napisan Gold Multi Power Crystal White Stain Remover & Laundry Booster Powder"	['/wcsstore/Coles-CAS/images/5/0/6/5066935-th.jpg', '/wcsstore/Coles-CAS/images/5/0/6/5066935_L-th.jpg', '/wcsstore/Coles-CAS/images/5/0/6/5066935_B-th.jpg']
OMO	Sensitive Top & Front Loader Laundry Liquid Detergent	$ 13 .00	2L	$6.50 per 1L	"Disclaimer:
Product details, including nutritional information and country of origin, may change from time to time and so the product you receive in your order may not reflect the information on this page. Please check the packaging on any product you purchase and if it's not what you expected, feel free to return it for a full refund.
Details
Ingredients:
Water, C12-C15 Pareth-7, Sodium Dodecylbenzenesulfonate, Glycerin, Sodium Laureth Sulfate, Propylene Glycol, Tea-Cocoate, Sodium Diethylenetriamine Pentamethylene Phosphonate, Disodium Distyrylbiphenyl Disulfonate, Styrene/Acrylates Copolymer, Benzisothiazolin-3-One.
Contains:
2L
Storage Instructions:
Keep Out Of Reach Of Children
Usage Instructions:
HOW MUCH TO USE ALL MACHINE TYPES 50ML NORMAL LOAD 1 CAP LARGE LOAD/HARD WATER HANDWASH/SOAKING 1/3 CAP PER 5L WATER
Size:
2L
Warning:
40 washes. ALL MACHINE TYPES. Australian Made. NP NEGLIGIBLE PHOSPHORUS <0.5% Caution: Use Only As Directed. After Use, Rinse And Dry Hands Thoroughly. If Skin Is Sensitive Or Damaged Avoid Contact With The Liquid Or Wash Solution. If Swallowed: Remove As Much Product From The Mouth. Rinse Mouth With Water. Seek Medical Advice. Damaging To Eyes. If Product Comes Into Contact With Eyes: Immediately Flush With Water For At Least 15 Minutes. Seek Medical Advice. Keep Out Of Reach Of Children. For Medical Advic Call 131 126 KEEP OUT OF REACH OF CHILDREN FOR MEDICAL ADVICE CALL 131 126.
Code: 2731030P
2 7 3 1 0 3 0 P"	['/wcsstore/Coles-CAS/images/2/7/3/2731030-th.jpg', '/wcsstore/Coles-CAS/images/2/7/3/2731030_B-th.jpg']
Coles	Ultra Stain Remover Plus Pre Wash Trigger	$ 1 .30	500mL	$2.60 per 1L	"Disclaimer:
Product details, including nutritional information and country of origin, may change from time to time and so the product you receive in your order may not reflect the information on this page. Please check the packaging on any product you purchase and if it's not what you expected, feel free to return it for a full refund.
Details
Country of Origin:
Made in Australia
Storage Instructions:
Store in a cool, dry place away from sunlight.
Warning:
Cosmetic Warnings: Avoid contact with eyes. Avoid contact with skin. Avoid contact with eyes. CAUTION KEEP OUT OF REACH OF CHILDREN For advice, contact a Poisons Information Centre (phone Australia 13 11 26) or a doctor at once. If swallowed, do NOT induce vomiting. For advice, contact a Poisons Information Centre (phone Australia 13 11 26) or a doctor at once. If swallowed, do NOT induce vomiting. If in eyes, hold eyelids apart and flush the eye continuously with running water. Continue flushing until advised to stop by a Poisons Information Centre (phone Aus
Code: 8733672P
8 7 3 3 6 7 2 P
Customers also purchased
Vanish Preen Pre Wash Oxyaction Stain Remover 375mL on special
Vanish Preen Pre Wash Oxyaction Stain Remover
375mL on special
$5.50
save
$1.50
375mL $14.67 per 1L
Unit Price
4.5 (27)
4.5 out of 5 stars from 27 ratings received
Add
1
for $5.50

Vanish Preen Oxi Action Gold Pro White Trigger 450mL on online only special
Vanish Preen Oxi Action Gold Pro White Trigger
450mL on online only special
buy any 2 for $14.00
Any 2
$ 14
regular price
$9.50 ea
each
450mL $21.11 per 1L
Unit Price
4.3 (32)
4.3 out of 5 stars from 32 ratings received
Pick any 2 for $14.00 ...

Sard Oil & Grime Stain Remover 420mL
Sard Oil & Grime Stain Remover
420mL
$7.00
420mL $16.67 per 1L
Unit Price
Add
1
for $7.00

Sard Super Power Refill 420mL on special
Sard Super Power Refill
420mL on special
$4.50
save
$0.50
420mL $10.71 per 1L
Unit Price
Add
1
for $4.50"	['/wcsstore/Coles-CAS/images/8/7/3/8733672-th.jpg', '/wcsstore/Coles-CAS/images/8/7/3/8733672_L-th.jpg', '/wcsstore/Coles-CAS/images/8/7/3/8733672_B-th.jpg']
Cold Power	Triple Capsules Regular	$ 14 .00	18 pack	$0.78 per 1Ea	"Disclaimer:
Product details, including nutritional information and country of origin, may change from time to time and so the product you receive in your order may not reflect the information on this page. Please check the packaging on any product you purchase and if it's not what you expected, feel free to return it for a full refund.
Details
Ingredients:
Refer to our website for full information.
Contains:
Contains 18 caps x 15g = 270g
Storage Instructions:
Keep in original packaging. Store away from heat, moisture and sunlight.
Suitable for:
Suitable for Front and Top Loaders.
Usage Instructions:
Just throw the capsule directly into the drum where it dissolves and starts acting immediately on contact with water, even in cold or quick washes. Be sustainable - wash cold! Cold water uses less energy, reduces the environmental impact and is gentler to your clothes. Laundry Advice: Read and follow garment washing instructions. Not recommended for silks or wool. Do not add chlorine bleach. Make sure you test clothes for colour fastness, wash non-colour fast items separately and do not dry in the sun. Do not use in combined washer/dryers. Not suitable for hand wash. Film 100% water-soluble. Use with dry hands. Do not pierce, break or cut. 1. First place capsule directly into the empty drum. 2. Then add clothes over the capsules. 3. Hande & store this product safely. 4. Close lid property. Do not place capsules in dispensing drawer. 1. Push in. 2. Open For normal load larger than 7kg or heavy soiled laundry, use 2 capsules. Do not place capsule in dispensing drawer.
Size:
270g
Warning:
Causes skin irritation. Causes serious eye irritation. Harmful to aquatic life with long lasting effects. Contains Protease. May produce an allergic reaction. IF ON SKIN: Wash with plenty of water. IF IN EYES: Rinse cautiously with water for several minutes. If eye irritation persists: Get medical advice, IF SWALLOWED: Rinse mouth. DO NOT induce vomiting. Immediately call a POISON CENTER or doctor. If medical advice is needed, have product or label at hand. Keep out of sight and reach of children. For Medical Advice: call 13 11 26 (Australia) 0800 764 766 (New Zealand).
Code: 3989726P
3 9 8 9 7 2 6 P
Customers also purchased
Fab Essentials Macadamia Oil & Orchid Laundry Powder 1.8kg
Fab Essentials Macadamia Oil & Orchid Laundry Powder
1.8kg
$8.00
Was $14.00 Apr 2022
1.8kg $4.44 per 1Kg
Unit Price
Add
1
for $8.00

Coles Ultra Concentrate Laundry Liquid Capsules 20 pack
Coles Ultra Concentrate Laundry Liquid Capsules
20 pack
$9.50
20 pack $0.48 per 1Ea
Unit Price
Add
1
for $9.50"	['/wcsstore/Coles-CAS/images/3/9/8/3989726-th.jpg', '/wcsstore/Coles-CAS/images/3/9/8/3989726_L-th.jpg', '/wcsstore/Coles-CAS/images/3/9/8/3989726_R-th.jpg', '/wcsstore/Coles-CAS/images/3/9/8/3989726_B-th.jpg']
Coles	Clothes Plastic Pegs	$ 1 .85	34 pack	$0.05 per 1Ea	"Disclaimer:
Product details, including nutritional information and country of origin, may change from time to time and so the product you receive in your order may not reflect the information on this page. Please check the packaging on any product you purchase and if it's not what you expected, feel free to return it for a full refund.
Code: 6745477P
6 7 4 5 4 7 7 P
Customers also purchased
Coles Wooden Pegs 48 pack
Coles Wooden Pegs
48 pack
$2.10
48 pack $0.04 per 1Ea
Unit Price
Add
1
for $2.10

Hegs Pink Pegs 18 pack
Hegs Pink Pegs
18 pack
$6.00
18 pack $0.33 per 1Ea
Unit Price
Add
1
for $6.00

Purity Fabric Softener 2L
Purity Fabric Softener
2L
$6.65
2L $3.33 per 1L
Unit Price
Add
1
for $6.65

Aura Peg Basket
Aura Peg Basket
$3.15
Until 11 Apr 2023
Was $3.50 Jan 2023
$3.15 per 1Ea
Unit Price
Add
1
for $3.15"	['/wcsstore/Coles-CAS/images/6/7/4/6745477-th.jpg', '/wcsstore/Coles-CAS/images/6/7/4/6745477_B-th.jpg']
Surf	Tropical Laundry Capsules	$ 16 .50	50 pack	$0.33 per 1Ea	"Disclaimer:
Product details, including nutritional information and country of origin, may change from time to time and so the product you receive in your order may not reflect the information on this page. Please check the packaging on any product you purchase and if it's not what you expected, feel free to return it for a full refund.
Details
Contains:
650g
Size:
650g
Code: 4395556P
4 3 9 5 5 5 6 P
Customers also purchased
Hurricane Top And Front Laundry Liquid 2L
Hurricane Top And Front Laundry Liquid
2L
$9.00
2L $4.50 per 1L
Unit Price
Add
1
for $9.00

Surf Aqua Fresh Laundry Capsules 30 pack everyday product
Surf Aqua Fresh Laundry Capsules
30 pack everyday product
$13.00
30 pack $0.43 per 1Ea
Unit Price
Add
1
for $13.00

Surf Tropical Laundry Capsules 30 pack everyday product
Surf Tropical Laundry Capsules
30 pack everyday product
$13.00
30 pack $0.43 per 1Ea
Unit Price
Add
1
for $13.00"	['/wcsstore/Coles-CAS/images/4/3/9/4395556-th.jpg', '/wcsstore/Coles-CAS/images/4/3/9/4395556_L-th.jpg', '/wcsstore/Coles-CAS/images/4/3/9/4395556_R-th.jpg', '/wcsstore/Coles-CAS/images/4/3/9/4395556_B-th.jpg']
OMO	3 In 1 Laundry Capsules Active	$ 13 .00	28 pack	$0.46 per 1Ea	"Disclaimer:
Product details, including nutritional information and country of origin, may change from time to time and so the product you receive in your order may not reflect the information on this page. Please check the packaging on any product you purchase and if it's not what you expected, feel free to return it for a full refund.
Details
Ingredients:
INGREDIENTS INCLUDE OMO 3 in 1 Capsules: Anionic and Non-ionic Surfactants, Soap, Enzymes, Sequestrant, Polymer, Fragrance and Colour. For full ingredient list go to www.unilever.com.au
Contains:
1764 GR
Usage Instructions:
3 in 1 Capsule dissolves completely from the start of the wash Use 1 capsule for standard loads. Use 2 capsules for large loads or if clothes are heavily soiled. Do not place capsule in dispensing drawer. Do not use for hand washing.
Size:
1764 GR
Warning:
ALL MACHINE TYPES. Keep away from children. Keep away from eyes. If product gets into eyes, rinse thoroughly with water. Do not ingest. If product is ingested then seek medical advice. Use with dry hands. Do not pierce, break or cut. Close the bag properly. Do not tear apart stuck capsules.. NP logo Keep away from eyes. If product gets into eyes rinse thoroughly with water. Do not ingest. If product is ingested then seek medical advice. Use with dry hands. Do not pierce, break or cut. Close the bag properly.
Code: 5005464P
5 0 0 5 4 6 4 P
Customers also purchased
OMO Active Clean Top & Front Loader Laundry Liquid Detergent 2L on special
OMO Active Clean Top & Front Loader Laundry Liquid Detergent
2L on special
$13.00
save
$13.00
2L $6.50 per 1L
Unit Price
Add
1
for $13.00"	['/wcsstore/Coles-CAS/images/5/0/0/5005464-th.jpg', '/wcsstore/Coles-CAS/images/5/0/0/5005464_L-th.jpg', '/wcsstore/Coles-CAS/images/5/0/0/5005464_R-th.jpg', '/wcsstore/Coles-CAS/images/5/0/0/5005464_B-th.jpg']
Ion	Laundry Capsules Sensitive	$ 29 .00	36 pack	$0.81 per 1Ea	"Disclaimer:
Product details, including nutritional information and country of origin, may change from time to time and so the product you receive in your order may not reflect the information on this page. Please check the packaging on any product you purchase and if it's not what you expected, feel free to return it for a full refund.
Details
Country of Origin:
Made in Spain
Ingredients:
DEHYDOL LT 7, MEA-C10-13 Alkyl Benzenesulphonate, Propylene Glycol, Glycerin, MEA-Cocoate, Aqua, Sodium Laureth Sulfate, Ethoxylated Polyethylenepolyamine / PEI Ethoxylated, POLYPROPYLENE TEREPHTHALATE, Diethylenetriamine Pentamethylene Phosphonic Acid, 1-Propanaminium, N,N,N-trimethyl-3-((2-methyl-1-oxo-2-propenyl)amino)-, chloride, polymer with ethyl 2-propenoate and sodium 2-propenoate, CAS no. 192003-74-0, Styrene/Acrylates Copolymer, Ethanolamine, 4,4-Bis (2-Disulfonic Acid Styryl) Biphenyl, CAS no. 27344-41-8, Sodium Sulfite, Colourant.
Code: 3871056P
3 8 7 1 0 5 6 P"	['/wcsstore/Coles-CAS/images/3/8/7/3871056-th.jpg', '/wcsstore/Coles-CAS/images/3/8/7/3871056_L-th.jpg']
Aura	Strong Grip Peg	$ 7 .00	60 pack	$0.12 per 1Ea	"Disclaimer:
Product details, including nutritional information and country of origin, may change from time to time and so the product you receive in your order may not reflect the information on this page. Please check the packaging on any product you purchase and if it's not what you expected, feel free to return it for a full refund.
Code: 4690046P
4 6 9 0 0 4 6 P
Customers also purchased
Coles Wooden Pegs 48 pack
Coles Wooden Pegs
48 pack
$2.10
48 pack $0.04 per 1Ea
Unit Price
Add
1
for $2.10

Hegs Pink Pegs 18 pack
Hegs Pink Pegs
18 pack
$6.00
18 pack $0.33 per 1Ea
Unit Price
Add
1
for $6.00

Aura Premium Soft Grip Peg 18 pack
Aura Premium Soft Grip Peg
18 pack
$5.40
Until 11 Apr 2023
Was $6.00 Jan 2023
18 pack $0.30 per 1Ea
Unit Price
Add
1
for $5.40

Aura Peg Basket
Aura Peg Basket
$3.15
Until 11 Apr 2023
Was $3.50 Jan 2023
$3.15 per 1Ea
Unit Price
Add
1
for $3.15"	['/wcsstore/Coles-CAS/images/4/6/9/4690046-th.jpg', '/wcsstore/Coles-CAS/images/4/6/9/4690046_L-th.jpg']
Fabulon	Starch Ironing Aid	$ 10 .50	500mL	$21.00 per 1L	"Disclaimer:
Product details, including nutritional information and country of origin, may change from time to time and so the product you receive in your order may not reflect the information on this page. Please check the packaging on any product you purchase and if it's not what you expected, feel free to return it for a full refund.
Details
Storage Instructions:
Store in a cool dry place. Dispose of empty container with household rubbish.
Suitable for:
Ironing, Clothes care.
Usage Instructions:
Turn nozzle to ON position whilst directing trigger away from face
Spray 15-20cm from fabric
Turn nozzle to OFF position.
Warning:
Keep out of reach of children. Avoid contact with eyes and skin.
Code: 299608P
2 9 9 6 0 8 P
Customers also purchased
Coles Iron Aid Trigger 500mL everyday product
Coles Iron Aid Trigger
500mL everyday product
$3.00
500mL $6.00 per 1L
Unit Price
Add
1
for $3.00

Fabulon Citrus Fresh Starch Ironing Aid 385g
Fabulon Citrus Fresh Starch Ironing Aid
385g
$9.20
385g $23.90 per 1Kg
Unit Price
Add
1
for $9.20"	['/wcsstore/Coles-CAS/images/2/9/9/299608-th.jpg', '/wcsstore/Coles-CAS/images/2/9/9/299608_B-th.jpg']
Radiant	Laundry Capsules Active Clean	$ 13 .50	28 pack	$0.48 per 1Ea	"Disclaimer:
Product details, including nutritional information and country of origin, may change from time to time and so the product you receive in your order may not reflect the information on this page. Please check the packaging on any product you purchase and if it's not what you expected, feel free to return it for a full refund.
Code: 5109335P
5 1 0 9 3 3 5 P"	['/wcsstore/Coles-CAS/images/5/1/0/5109335-th.jpg', '/wcsstore/Coles-CAS/images/5/1/0/5109335_B-th.jpg']
OMO	F&T Liquid Sunset Dream	$ 26 .00	2L	$13.00 per 1L	"Disclaimer:
Product details, including nutritional information and country of origin, may change from time to time and so the product you receive in your order may not reflect the information on this page. Please check the packaging on any product you purchase and if it's not what you expected, feel free to return it for a full refund.
Details
Ingredients:
INGREDIENTS Anionic and Nonionic Surfactants, Sequestrant, Optical Brightener, Enzymes, Colour, Perfume. Contains isothiazolinone preservatives. For a full ingredient list go to www.unilever.com.au
Contains:
2L
Usage Instructions:
HOW MUCH TO USE ALL MACHINE TYPES 50ML NORMAL LOAD 1 CAP LARGE LOAD/HARD WATER HANDWASH/SOAKING 1/3 CAP PER 5L WATER
Size:
2L
Warning:
40 washes. ALL MACHINE TYPES. Australian Made. NP NEGLIGIBLE PHOSPHORUS <0.5% Caution: Use Only As Directed. After Use, Rinse And Dry Hands Thoroughly. If Skin Is Sensitive Or Damaged Avoid Contact With The Liquid Or Wash Solution. If Swallowed: Remove As Much Product From The Mouth. Rinse Mouth With Water. Seek Medical Advice. Damaging To Eyes. If Product Comes Into Contact With Eyes: Immediately Flush With Water For At Least 15 Minutes. Seek Medical Advice. Keep Out Of Reach Of Children. For Medical Advice Call 131 126 KEEP OUT OF REACH OF CHILDREN FOR MEDICAL ADVICE CALL 131 126.
Code: 5486409P
5 4 8 6 4 0 9 P"	['/wcsstore/Coles-CAS/images/5/4/8/5486409-th.jpg', '/wcsstore/Coles-CAS/images/5/4/8/5486409_L-th.jpg', '/wcsstore/Coles-CAS/images/5/4/8/5486409_R-th.jpg', '/wcsstore/Coles-CAS/images/5/4/8/5486409_B-th.jpg']
OMO	F&T Liquid Floral Indulgence	$ 26 .00	2L	$13.00 per 1L	"Disclaimer:
Product details, including nutritional information and country of origin, may change from time to time and so the product you receive in your order may not reflect the information on this page. Please check the packaging on any product you purchase and if it's not what you expected, feel free to return it for a full refund.
Details
Ingredients:
INGREDIENTS Anionic and Nonionic Surfactants, Sequestrant, Optical Brightener, Enzymes, Colour, Perfume. Contains isothiazolinone preservatives. For a full ingredient list go to www.unilever.com.au
Contains:
2L
Usage Instructions:
HOW MUCH TO USE ALL MACHINE TYPES 50ML NORMAL LOAD 1 CAP LARGE LOAD/HARD WATER HANDWASH/SOAKING 1/3 CAP PER 5L WATER
Size:
2L
Warning:
40 washes. ALL MACHINE TYPES. Australian Made. NP NEGLIGIBLE PHOSPHORUS <0.5% Caution: Use Only As Directed. After Use, Rinse And Dry Hands Thoroughly. If Skin Is Sensitive Or Damaged Avoid Contact With The Liquid Or Wash Solution. If Swallowed: Remove As Much Product From The Mouth. Rinse Mouth With Water. Seek Medical Advice. Damaging To Eyes. If Product Comes Into Contact With Eyes: Immediately Flush With Water For At Least 15 Minutes. Seek Medical Advice. Keep Out Of Reach Of Children. For Medical Advice Call 131 126 KEEP OUT OF REACH OF CHILDREN FOR MEDICAL ADVICE CALL 131 126.
Code: 5486577P
5 4 8 6 5 7 7 P
Customers also purchased
OMO Active Clean Top & Front Loader Laundry Liquid Detergent 2L on special
OMO Active Clean Top & Front Loader Laundry Liquid Detergent
2L on special
$13.00
save
$13.00
2L $6.50 per 1L
Unit Price
Add
1
for $13.00"	['/wcsstore/Coles-CAS/images/5/4/8/5486577-th.jpg', '/wcsstore/Coles-CAS/images/5/4/8/5486577_L-th.jpg', '/wcsstore/Coles-CAS/images/5/4/8/5486577_R-th.jpg', '/wcsstore/Coles-CAS/images/5/4/8/5486577_B-th.jpg']
OMO	F&T Liquid Tropical Moment	$ 26 .00	2L	$13.00 per 1L	"Disclaimer:
Product details, including nutritional information and country of origin, may change from time to time and so the product you receive in your order may not reflect the information on this page. Please check the packaging on any product you purchase and if it's not what you expected, feel free to return it for a full refund.
Details
Ingredients:
INGREDIENTS Anionic and Nonionic Surfactants, Sequestrant, Optical Brightener, Enzymes, Colour, Perfume. Contains isothiazolinone preservatives. For a full ingredient list go to www.unilever.com.au
Contains:
2L
Usage Instructions:
HOW MUCH TO USE ALL MACHINE TYPES 50ML NORMAL LOAD 1 CAP LARGE LOAD/HARD WATER HANDWASH/SOAKING 1/3 CAP PER 5L WATER
Size:
2L
Warning:
40 washes. ALL MACHINE TYPES. Australian Made. NP NEGLIGIBLE PHOSPHORUS <0.5% Caution: Use Only As Directed. After Use, Rinse And Dry Hands Thoroughly. If Skin Is Sensitive Or Damaged Avoid Contact With The Liquid Or Wash Solution. If Swallowed: Remove As Much Product From The Mouth. Rinse Mouth With Water. Seek Medical Advice. Damaging To Eyes. If Product Comes Into Contact With Eyes: Immediately Flush With Water For At Least 15 Minutes. Seek Medical Advice. Keep Out Of Reach Of Children. For Medical Advice Call 131 126 KEEP OUT OF REACH OF CHILDREN FOR MEDICAL ADVICE CALL 131 126.
Code: 5486522P
5 4 8 6 5 2 2 P"	['/wcsstore/Coles-CAS/images/5/4/8/5486522-th.jpg', '/wcsstore/Coles-CAS/images/5/4/8/5486522_L-th.jpg', '/wcsstore/Coles-CAS/images/5/4/8/5486522_R-th.jpg', '/wcsstore/Coles-CAS/images/5/4/8/5486522_B-th.jpg']
Organic Choice	Enzyme Laundry Lemon & Sage	$ 10 .50	1L	$10.50 per 1L	"Disclaimer:
Product details, including nutritional information and country of origin, may change from time to time and so the product you receive in your order may not reflect the information on this page. Please check the packaging on any product you purchase and if it's not what you expected, feel free to return it for a full refund.
Details
Ingredients:
Water, Non Ionic Surfactants (Plant Derived), Soap, Anionic Surfactants (Plant Derived), Alcohol (Plant Derived), Enzymes (Naturally Derived), Organic Aloe Barbadensis (Aloe Vera), Tall Oil Liquid Rosin, Organic Lavandula Angustifolia (Lavender) Oil, Organic Citrus Limonium (Lemon) Peel Oil, Salvia Officinalis (Sage) Oil, Preservative
Dimensions:
234 x 84 x 84mm
Size:
1l
Warning:
KEEP OUT OF REACH OF CHILDRENAvoid contact with eyes and skin. If swallowed give plenty of water to drink.Seek medical advice.If in contact with eyes flush with water for 15 mins.Wash skin after contact if sensitive.
Code: 3788349P
3 7 8 8 3 4 9 P"	['/wcsstore/Coles-CAS/images/3/7/8/3788349-th.jpg', '/wcsstore/Coles-CAS/images/3/7/8/3788349_B-th.jpg']
Marbig	Colourhide Notebook A4 120pages	$ 5 .70	1 pack	$5.70 per 1Ea	"Disclaimer:
Product details, including nutritional information and country of origin, may change from time to time and so the product you receive in your order may not reflect the information on this page. Please check the packaging on any product you purchase and if it's not what you expected, feel free to return it for a full refund.
Code: 1838560P
1 8 3 8 5 6 0 P
Customers also purchased
Marbig Colourhide Notebook 5 Subject A4
Marbig Colourhide Notebook 5 Subject A4
$12.00
$12.00 per 1Ea
Unit Price
Add
1
for $12.00

Coles A4 Display Folder everyday product
Coles A4 Display Folder
everyday product
$5.00
$5.00 per 1Ea
Unit Price
Add
1
for $5.00"	[]
Coles	A5 Spiral Notebook 200 pages	$ 5 .00	1 pack	$5.00 per 1Ea	"Disclaimer:
Product details, including nutritional information and country of origin, may change from time to time and so the product you receive in your order may not reflect the information on this page. Please check the packaging on any product you purchase and if it's not what you expected, feel free to return it for a full refund.
Code: 3934940P
3 9 3 4 9 4 0 P
Customers also purchased
Coles Pastel Document Wallet 5 pack everyday product
Coles Pastel Document Wallet
5 pack everyday product
$6.00
5 pack $1.20 per 1Ea
Unit Price
Add
1
for $6.00

Coles A4 Spiral Notebook 200 Page everyday product
Coles A4 Spiral Notebook 200 Page
everyday product
$6.20
$6.20 per 1Ea
Unit Price
Add
1
for $6.20

Coles A7 Pocket Notebook 5 pack everyday product
Coles A7 Pocket Notebook
5 pack everyday product
$4.80
5 pack $0.96 per 1Ea
Unit Price
Add
1
for $4.80"	[]
Coles	Assorted Binder Clips 24mm	$ 4 .80	14 pack	$0.34 per 1Ea	"Disclaimer:
Product details, including nutritional information and country of origin, may change from time to time and so the product you receive in your order may not reflect the information on this page. Please check the packaging on any product you purchase and if it's not what you expected, feel free to return it for a full refund.
Code: 3935498P
3 9 3 5 4 9 8 P
Customers also purchased
Coles Jumbo Chalk Assorted 10 pack everyday product
Coles Jumbo Chalk Assorted
10 pack everyday product
$2.80
10 pack $0.28 per 1Ea
Unit Price
Add
1
for $2.80

Coles Paper Clips In Pouch Assorted Colours 200 pack everyday product
Coles Paper Clips In Pouch Assorted Colours
200 pack everyday product
$4.80
200 pack $0.02 per 1Ea
Unit Price
Add
1
for $4.80"	['/wcsstore/Coles-CAS/images/3/9/3/3935498-th.jpg', '/wcsstore/Coles-CAS/images/3/9/3/3935498_L-th.jpg', '/wcsstore/Coles-CAS/images/3/9/3/3935498_R-th.jpg']
Coles	A4 Binder Book 64 Page	$ 4 .00	3 pack	$1.33 per 1Ea	"Disclaimer:
Product details, including nutritional information and country of origin, may change from time to time and so the product you receive in your order may not reflect the information on this page. Please check the packaging on any product you purchase and if it's not what you expected, feel free to return it for a full refund.
Code: 3935104P
3 9 3 5 1 0 4 P
Customers also purchased
Coles A4 Sheet Protector 100 pack everyday product
Coles A4 Sheet Protector
100 pack everyday product
$6.00
100 pack $0.06 per 1Ea
Unit Price
Add
1
for $6.00"	[]
Coles	A7 Pocket Notebook	$ 4 .80	5 pack	$0.96 per 1Ea	"Disclaimer:
Product details, including nutritional information and country of origin, may change from time to time and so the product you receive in your order may not reflect the information on this page. Please check the packaging on any product you purchase and if it's not what you expected, feel free to return it for a full refund.
Code: 3934939P
3 9 3 4 9 3 9 P
Customers also purchased
Coles A4 Spiral Notebook 200 Page everyday product
Coles A4 Spiral Notebook 200 Page
everyday product
$6.20
$6.20 per 1Ea
Unit Price
Add
1
for $6.20

Coles A5 Spiral Notebook 200 pages 1 pack everyday product
Coles A5 Spiral Notebook 200 pages
1 pack everyday product
$5.00
1 pack $5.00 per 1Ea
Unit Price
Add
1
for $5.00"	[]
Coles	Paper Clips In Pouch Assorted Colours	$ 4 .80	200 pack	$0.02 per 1Ea	"Disclaimer:
Product details, including nutritional information and country of origin, may change from time to time and so the product you receive in your order may not reflect the information on this page. Please check the packaging on any product you purchase and if it's not what you expected, feel free to return it for a full refund.
Code: 3932944P
3 9 3 2 9 4 4 P
Customers also purchased
Coles Jumbo Chalk Assorted 10 pack everyday product
Coles Jumbo Chalk Assorted
10 pack everyday product
$2.80
10 pack $0.28 per 1Ea
Unit Price
Add
1
for $2.80

Coles Stapler With Staples everyday product
Coles Stapler With Staples
everyday product
$7.80
$7.80 per 1Ea
Unit Price
Add
1
for $7.80

Coles Staples 2 pack everyday product
Coles Staples
2 pack everyday product
$2.20
2 pack $1.10 per 1Ea
Unit Price
Add
1
for $2.20

Coles Assorted Binder Clips 24mm 14 pack everyday product
Coles Assorted Binder Clips 24mm
14 pack everyday product
$4.80
14 pack $0.34 per 1Ea
Unit Price
Add
1
for $4.80"	[]
Coles	A4 Binder Book 128 Page	$ 5 .50	3 pack	$1.83 per 1Ea	"Disclaimer:
Product details, including nutritional information and country of origin, may change from time to time and so the product you receive in your order may not reflect the information on this page. Please check the packaging on any product you purchase and if it's not what you expected, feel free to return it for a full refund.
Code: 3935035P
3 9 3 5 0 3 5 P
Customers also purchased
Marbig Colourhide Notebook 5 Subject A4
Marbig Colourhide Notebook 5 Subject A4
$12.00
$12.00 per 1Ea
Unit Price
Add
1
for $12.00

Coles A4 Spiral Notebook 200 Page everyday product
Coles A4 Spiral Notebook 200 Page
everyday product
$6.20
$6.20 per 1Ea
Unit Price
Add
1
for $6.20"	[]
Fashion	A5 Spiral Notebook 140 pages	$ 4 .20	1 pack	$4.20 per 1Ea	"Disclaimer:
Product details, including nutritional information and country of origin, may change from time to time and so the product you receive in your order may not reflect the information on this page. Please check the packaging on any product you purchase and if it's not what you expected, feel free to return it for a full refund.
Code: 3519223P
3 5 1 9 2 2 3 P"	[]
Reflex	Copy Paper A4	$ 37 .50	1 carton	$37.50 per 1ea	"Disclaimer:
Product details, including nutritional information and country of origin, may change from time to time and so the product you receive in your order may not reflect the information on this page. Please check the packaging on any product you purchase and if it's not what you expected, feel free to return it for a full refund.
Details
Contains:
5 packs
Size:
A4
Code: 1281903P
1 2 8 1 9 0 3 P"	[]
Bic	Atlantis Black Pens	$ 6 .00	4 pack	$1.50 per 1Ea	"Disclaimer:
Product details, including nutritional information and country of origin, may change from time to time and so the product you receive in your order may not reflect the information on this page. Please check the packaging on any product you purchase and if it's not what you expected, feel free to return it for a full refund.
Code: 1868630P
1 8 6 8 6 3 0 P
Customers also purchased
Paper Mate Profile Pen Black 2 pack
Paper Mate Profile Pen Black
2 pack
$5.50
2 pack
Add
1
for $5.50

BIC Atlantis Blue Pens 4 pack
BIC Atlantis Blue Pens
4 pack
$6.00
4 pack $6.00 per 1Ea
Unit Price
Add
1
for $6.00

Expo Whiteboard Bullet Assorted 4 pack
Expo Whiteboard Bullet Assorted
4 pack
$12.00
4 pack
Add
1
for $12.00

Bic Intensity Dual Tip Marker 6 pack
Bic Intensity Dual Tip Marker
6 pack
$8.40
6 pack
Add
1
for $8.40"	[]
Bostik	Blu Tack	$ 3 .00	1 pack	$3.00 per 1ea	"Disclaimer:
Product details, including nutritional information and country of origin, may change from time to time and so the product you receive in your order may not reflect the information on this page. Please check the packaging on any product you purchase and if it's not what you expected, feel free to return it for a full refund.
Details
Ingredients:
Non-hazardous ingredients
Storage Instructions:
Store away from heat, strong oxidizing agents and acids. Store between 5C to 30C.
Usage Instructions:
For non-laminated surfaces make a 'blob' by tearing off a piece, pull and stretch into a ball and apply to one surface. For laminated surfaces cut off 3-5cm pieces of Blu Tack, remove the release paper on one side, apply to one surface, then remove the other release paper. Using good thumb pressure, apply to the other surface
Size:
75g
Care Instructions:
To remove Blu Tack, hold and twist off or roll it carefully off the surface. Any remaining shreds can be removed by rolling or dabbing a blob of Blu Tack over the surfaces.
Preparation Instructions:
Wash hands before use. Ensure surfaces are clean; dry free from grease and loose materials.
Code: 5412934P
5 4 1 2 9 3 4 P
Customers also purchased
Sellotape Sticky tape 18mmx25m
Sellotape Sticky tape 18mmx25m
$3.95
$3.95 per 1Ea
Unit Price
Add
1
for $3.95

Bostik Glu Stik 21g 2 pack
Bostik Glu Stik 21g
2 pack
$6.00
2 pack $3.00 per 1Ea
Unit Price
Add
1
for $6.00

Sellotape Masking Tape 24mmX18m
Sellotape Masking Tape 24mmX18m
$2.80
$2.80 per 1Ea
Unit Price
Add
1
for $2.80

Coles Glue Stick 2 pack everyday product
Coles Glue Stick
2 pack everyday product
$5.00
2 pack $2.50 per 1Ea
Unit Price
Add
1
for $5.00"	[]
Sharpie	Permanent Marker Black	$ 5 .25	2 pack	$2.63 per 1Ea	"Disclaimer:
Product details, including nutritional information and country of origin, may change from time to time and so the product you receive in your order may not reflect the information on this page. Please check the packaging on any product you purchase and if it's not what you expected, feel free to return it for a full refund.
Code: 3251142P
3 2 5 1 1 4 2 P"	[]
Expo	Fine Whiteboard Markers Assorted	$ 17 .00	8 pack	$2.13 per 1Ea	"Disclaimer:
Product details, including nutritional information and country of origin, may change from time to time and so the product you receive in your order may not reflect the information on this page. Please check the packaging on any product you purchase and if it's not what you expected, feel free to return it for a full refund.
Code: 3887329P
3 8 8 7 3 2 9 P
Customers also purchased
Sharpie Fluo XL Assorted Highlighters 4 pack
Sharpie Fluo XL Assorted Highlighters
4 pack
$8.40
4 pack $2.10 per 1Ea
Unit Price
Add
1
for $8.40

Faber-Castell PVC Free Eraser 2 pack
Faber-Castell PVC Free Eraser
2 pack
$4.00
2 pack $2.00 per 1Ea
Unit Price
Add
1
for $4.00

Sharpie Permanent Marker Black 2 pack
Sharpie Permanent Marker Black
2 pack
$5.25
2 pack $2.63 per 1Ea
Unit Price
Add
1
for $5.25

Expo Whiteboard Bullet Assorted 4 pack
Expo Whiteboard Bullet Assorted
4 pack
$12.00
4 pack
Add
1
for $12.00"	['/wcsstore/Coles-CAS/images/3/8/8/3887329-th.jpg', '/wcsstore/Coles-CAS/images/3/8/8/3887329_B-th.jpg']
Expo	Whiteboard Bullet Assorted	$ 12 .00	4 pack		"Disclaimer:
Product details, including nutritional information and country of origin, may change from time to time and so the product you receive in your order may not reflect the information on this page. Please check the packaging on any product you purchase and if it's not what you expected, feel free to return it for a full refund.
Code: 3668482P
3 6 6 8 4 8 2 P
Customers also purchased
Sharpie Permanent Marker Black 2 pack
Sharpie Permanent Marker Black
2 pack
$5.25
2 pack $2.63 per 1Ea
Unit Price
Add
1
for $5.25

Sharpie Colour Burst 24 pack
Sharpie Colour Burst
24 pack
$25.00
24 pack $1.04 per 1Ea
Unit Price
Add
1
for $25.00

Expo Fine Whiteboard Markers Assorted 8 pack
Expo Fine Whiteboard Markers Assorted
8 pack
$17.00
8 pack $2.13 per 1Ea
Unit Price
Add
1
for $17.00

Bic Kids Ecolutions Colouring Pencils 36 pack on special
Bic Kids Ecolutions Colouring Pencils
36 pack on special
$10.50
save
$4.50
36 pack $0.29 per 1Ea
Unit Price
Add
1
for $10.50"	[]
Coles	Mixed Rubber Bands In Pouch	$ 5 .20	100g	$5.20 per 100G	"Disclaimer:
Product details, including nutritional information and country of origin, may change from time to time and so the product you receive in your order may not reflect the information on this page. Please check the packaging on any product you purchase and if it's not what you expected, feel free to return it for a full refund.
Code: 3931850P
3 9 3 1 8 5 0 P"	[]
Sellotape	Sticky Tape Refill 18mm x 25m	$ 3 .95	2 pack		"Disclaimer:
Product details, including nutritional information and country of origin, may change from time to time and so the product you receive in your order may not reflect the information on this page. Please check the packaging on any product you purchase and if it's not what you expected, feel free to return it for a full refund.
Code: 1842636P
1 8 4 2 6 3 6 P
Customers also purchased
Sellotape Sticky tape 18mmx25m
Sellotape Sticky tape 18mmx25m
$3.95
$3.95 per 1Ea
Unit Price
Add
1
for $3.95

Bostik Glu Stik 21g 2 pack
Bostik Glu Stik 21g
2 pack
$6.00
2 pack $3.00 per 1Ea
Unit Price
Add
1
for $6.00

Sellotape Masking Tape 24mmX18m
Sellotape Masking Tape 24mmX18m
$2.80
$2.80 per 1Ea
Unit Price
Add
1
for $2.80

Coles Sticky Tape Dispenser 1 pack everyday product
Coles Sticky Tape Dispenser
1 pack everyday product
$3.00
1 pack $3.00 per 1Ea
Unit Price
Add
1
for $3.00"	[]
Faber-Castell	PVC Free Eraser	$ 4 .00	2 pack	$2.00 per 1Ea	"Disclaimer:
Product details, including nutritional information and country of origin, may change from time to time and so the product you receive in your order may not reflect the information on this page. Please check the packaging on any product you purchase and if it's not what you expected, feel free to return it for a full refund.
Code: 1839802P
1 8 3 9 8 0 2 P
Customers also purchased
Faber-Castell Colour Connector Pens 20 pack
Faber-Castell Colour Connector Pens
20 pack
$8.00
20 pack $0.40 per 1Ea
Unit Price
Add
1
for $8.00

Coles Hb Pencils 12 pack everyday product
Coles Hb Pencils
12 pack everyday product
$4.00
12 pack $0.33 per 1Ea
Unit Price
Add
1
for $4.00

Papermate Woodcase Hb Pencils 3 pack
Papermate Woodcase Hb Pencils
3 pack
$2.60
3 pack $0.87 per 1Ea
Unit Price
Add
1
for $2.60

Papermate Woodcase 2B Pencil 3 pack
Papermate Woodcase 2B Pencil
3 pack
$2.00
3 pack $0.67 per 1Ea
Unit Price
Add
1
for $2.00"	[]
Sharpie	Fluo XL Assorted Highlighters	$ 8 .40	4 pack	$2.10 per 1Ea	"Disclaimer:
Product details, including nutritional information and country of origin, may change from time to time and so the product you receive in your order may not reflect the information on this page. Please check the packaging on any product you purchase and if it's not what you expected, feel free to return it for a full refund.
Code: 1842283P
1 8 4 2 2 8 3 P
Customers also purchased
Faber-Castell PVC Free Eraser 2 pack
Faber-Castell PVC Free Eraser
2 pack
$4.00
2 pack $2.00 per 1Ea
Unit Price
Add
1
for $4.00

Sharpie Permanent Marker Black 2 pack
Sharpie Permanent Marker Black
2 pack
$5.25
2 pack $2.63 per 1Ea
Unit Price
Add
1
for $5.25

Expo Fine Whiteboard Markers Assorted 8 pack
Expo Fine Whiteboard Markers Assorted
8 pack
$17.00
8 pack $2.13 per 1Ea
Unit Price
Add
1
for $17.00"	['/wcsstore/Coles-CAS/images/1/8/4/1842283-th.jpg', '/wcsstore/Coles-CAS/images/1/8/4/1842283_L-th.jpg', '/wcsstore/Coles-CAS/images/1/8/4/1842283_R-th.jpg']
Paper Mate	Inkjoy Black Ball Point	$ 4 .75	4 pack		"Disclaimer:
Product details, including nutritional information and country of origin, may change from time to time and so the product you receive in your order may not reflect the information on this page. Please check the packaging on any product you purchase and if it's not what you expected, feel free to return it for a full refund.
Code: 3667661P
3 6 6 7 6 6 1 P
Customers also purchased
Paper Mate Profile Pen Black 2 pack
Paper Mate Profile Pen Black
2 pack
$5.50
2 pack
Add
1
for $5.50

Paper Mate Kilometrico Pens Black 10 pack
Paper Mate Kilometrico Pens Black
10 pack
$4.50
10 pack $0.45 per 1Ea
Unit Price
Add
1
for $4.50

Paper Mate Profile Pen Blue 2 pack
Paper Mate Profile Pen Blue
2 pack
$5.50
2 pack
Add
1
for $5.50"	['/wcsstore/Coles-CAS/images/3/6/6/3667661-th.jpg', '/wcsstore/Coles-CAS/images/3/6/6/3667661_B-th.jpg']
Pilot	Frixion Ball Pen Black/Blue/Red	$ 9 .00	3 pack	$3.00 per 1Ea	"Disclaimer:
Product details, including nutritional information and country of origin, may change from time to time and so the product you receive in your order may not reflect the information on this page. Please check the packaging on any product you purchase and if it's not what you expected, feel free to return it for a full refund.
Code: 3671986P
3 6 7 1 9 8 6 P
Customers also purchased
Sharpie Colour Burst 24 pack
Sharpie Colour Burst
24 pack
$25.00
24 pack $1.04 per 1Ea
Unit Price
Add
1
for $25.00

Bic Intensity Dual Tip Marker 6 pack
Bic Intensity Dual Tip Marker
6 pack
$8.40
6 pack
Add
1
for $8.40

Stabilo Boss Highlighter Assorted 6 pack
Stabilo Boss Highlighter Assorted
6 pack
$14.10
6 pack $2.35 per 1Ea
Unit Price
Add
1
for $14.10"	['/wcsstore/Coles-CAS/images/3/6/7/3671986-th.jpg', '/wcsstore/Coles-CAS/images/3/6/7/3671986_B-th.jpg']
Coles	Staples	$ 2 .20	2 pack	$1.10 per 1Ea	"Disclaimer:
Product details, including nutritional information and country of origin, may change from time to time and so the product you receive in your order may not reflect the information on this page. Please check the packaging on any product you purchase and if it's not what you expected, feel free to return it for a full refund.
Code: 3932922P
3 9 3 2 9 2 2 P
Customers also purchased
Coles Jumbo Chalk Assorted 10 pack everyday product
Coles Jumbo Chalk Assorted
10 pack everyday product
$2.80
10 pack $0.28 per 1Ea
Unit Price
Add
1
for $2.80

Coles Stapler With Staples everyday product
Coles Stapler With Staples
everyday product
$7.80
$7.80 per 1Ea
Unit Price
Add
1
for $7.80

Coles Paper Clips In Pouch Assorted Colours 200 pack everyday product
Coles Paper Clips In Pouch Assorted Colours
200 pack everyday product
$4.80
200 pack $0.02 per 1Ea
Unit Price
Add
1
for $4.80"	[]
Faber-Castell	Colour Connector Pens	$ 8 .00	20 pack	$0.40 per 1Ea	"Disclaimer:
Product details, including nutritional information and country of origin, may change from time to time and so the product you receive in your order may not reflect the information on this page. Please check the packaging on any product you purchase and if it's not what you expected, feel free to return it for a full refund.
Code: 1839744P
1 8 3 9 7 4 4 P
Customers also purchased
Faber-Castell PVC Free Eraser 2 pack
Faber-Castell PVC Free Eraser
2 pack
$4.00
2 pack $2.00 per 1Ea
Unit Price
Add
1
for $4.00

Faber-Castell Colour Pencil Assorted 12 pack
Faber-Castell Colour Pencil Assorted
12 pack
$6.80
12 pack $0.57 per 1Ea
Unit Price
Add
1
for $6.80

Bic Kids Ecolutions Colouring Pencils 36 pack on special
Bic Kids Ecolutions Colouring Pencils
36 pack on special
$10.50
save
$4.50
36 pack $0.29 per 1Ea
Unit Price
Add
1
for $10.50

Papermate Woodcase Hb Pencils 3 pack
Papermate Woodcase Hb Pencils
3 pack
$2.60
3 pack $0.87 per 1Ea
Unit Price
Add
1
for $2.60"	[]
Paper Mate	Profile Pen Black	$ 5 .50	2 pack		"Disclaimer:
Product details, including nutritional information and country of origin, may change from time to time and so the product you receive in your order may not reflect the information on this page. Please check the packaging on any product you purchase and if it's not what you expected, feel free to return it for a full refund.
Code: 1868673P
1 8 6 8 6 7 3 P
Customers also purchased
Bic Atlantis Black Pens 4 pack
Bic Atlantis Black Pens
4 pack
$6.00
4 pack $1.50 per 1Ea
Unit Price
Add
1
for $6.00

Paper Mate Profile Pen Blue 2 pack
Paper Mate Profile Pen Blue
2 pack
$5.50
2 pack
Add
1
for $5.50

Paper Mate Inkjoy Black Ball Point 4 pack
Paper Mate Inkjoy Black Ball Point
4 pack
$4.75
4 pack
Add
1
for $4.75

Sharpie Gel Pen Assorted 4 pack
Sharpie Gel Pen Assorted
4 pack
$14.00
4 pack $3.50 per 1Ea
Unit Price
Add
1
for $14.00"	['/wcsstore/Coles-CAS/images/1/8/6/1868673-th.jpg', '/wcsstore/Coles-CAS/images/1/8/6/1868673_B-th.jpg']
Papermate	Woodcase Hb Pencils	$ 2 .60	3 pack	$0.87 per 1Ea	"Disclaimer:
Product details, including nutritional information and country of origin, may change from time to time and so the product you receive in your order may not reflect the information on this page. Please check the packaging on any product you purchase and if it's not what you expected, feel free to return it for a full refund.
Code: 3937766P
3 9 3 7 7 6 6 P
Customers also purchased
Faber-Castell Colour Connector Pens 20 pack
Faber-Castell Colour Connector Pens
20 pack
$8.00
20 pack $0.40 per 1Ea
Unit Price
Add
1
for $8.00

Faber-Castell PVC Free Eraser 2 pack
Faber-Castell PVC Free Eraser
2 pack
$4.00
2 pack $2.00 per 1Ea
Unit Price
Add
1
for $4.00

Coles Hb Pencils 12 pack everyday product
Coles Hb Pencils
12 pack everyday product
$4.00
12 pack $0.33 per 1Ea
Unit Price
Add
1
for $4.00

Papermate Woodcase 2B Pencil 3 pack
Papermate Woodcase 2B Pencil
3 pack
$2.00
3 pack $0.67 per 1Ea
Unit Price
Add
1
for $2.00"	['/wcsstore/Coles-CAS/images/3/9/3/3937766-th.jpg', '/wcsstore/Coles-CAS/images/3/9/3/3937766_L-th.jpg', '/wcsstore/Coles-CAS/images/3/9/3/3937766_R-th.jpg', '/wcsstore/Coles-CAS/images/3/9/3/3937766_B-th.jpg']
BIC	Atlantis Blue Pens	$ 6 .00	4 pack	$6.00 per 1Ea	"Disclaimer:
Product details, including nutritional information and country of origin, may change from time to time and so the product you receive in your order may not reflect the information on this page. Please check the packaging on any product you purchase and if it's not what you expected, feel free to return it for a full refund.
Code: 1868629P
1 8 6 8 6 2 9 P
Customers also purchased
Bic Atlantis Black Pens 4 pack
Bic Atlantis Black Pens
4 pack
$6.00
4 pack $1.50 per 1Ea
Unit Price
Add
1
for $6.00

Bic 4 Colour Pens 3 pack
Bic 4 Colour Pens
3 pack
$9.00
3 pack
Add
1
for $9.00

Intensity Fineliner Fineliner Assorted 10 pack
Intensity Fineliner Fineliner Assorted
10 pack
$13.50
10 pack
Add
1
for $13.50

Bic Intensity Dual Tip Marker 6 pack
Bic Intensity Dual Tip Marker
6 pack
$8.40
6 pack
Add
1
for $8.40"	[]
Crayola	Crayons Tuck Box	$ 2 .85	24 pack		"Disclaimer:
Product details, including nutritional information and country of origin, may change from time to time and so the product you receive in your order may not reflect the information on this page. Please check the packaging on any product you purchase and if it's not what you expected, feel free to return it for a full refund.
Code: 1841236P
1 8 4 1 2 3 6 P
Customers also purchased
Faber-Castell Colour Connector Pens 20 pack
Faber-Castell Colour Connector Pens
20 pack
$8.00
20 pack $0.40 per 1Ea
Unit Price
Add
1
for $8.00

Bic Kids Turn & Colour Crayons 12 pack on special
Bic Kids Turn & Colour Crayons
12 pack on special
$4.41
save
$1.89
12 pack $0.37 per 1Ea
Unit Price
Add
1
for $4.41

Bic Kids Ecolutions Colouring Pencils 36 pack on special
Bic Kids Ecolutions Colouring Pencils
36 pack on special
$10.50
save
$4.50
36 pack $0.29 per 1Ea
Unit Price
Add
1
for $10.50"	['/wcsstore/Coles-CAS/images/1/8/4/1841236-th.jpg', '/wcsstore/Coles-CAS/images/1/8/4/1841236_L-th.jpg']
Paper Mate	Profile Pen Blue	$ 5 .50	2 pack		"Disclaimer:
Product details, including nutritional information and country of origin, may change from time to time and so the product you receive in your order may not reflect the information on this page. Please check the packaging on any product you purchase and if it's not what you expected, feel free to return it for a full refund.
Code: 1823336P
1 8 2 3 3 3 6 P
Customers also purchased
Paper Mate Profile Pen Black 2 pack
Paper Mate Profile Pen Black
2 pack
$5.50
2 pack
Add
1
for $5.50

Paper Mate Inkjoy Black Ball Point 4 pack
Paper Mate Inkjoy Black Ball Point
4 pack
$4.75
4 pack
Add
1
for $4.75

Sharpie Gel Pen Black 2 pack
Sharpie Gel Pen Black
2 pack
$7.50
2 pack $3.75 per 1Ea
Unit Price
Add
1
for $7.50"	['/wcsstore/Coles-CAS/images/1/8/2/1823336-th.jpg', '/wcsstore/Coles-CAS/images/1/8/2/1823336_B-th.jpg']
Bic	Kids Turn & Colour Crayons	$ 4 .41	12 pack	$0.37 per 1Ea	"Disclaimer:
Product details, including nutritional information and country of origin, may change from time to time and so the product you receive in your order may not reflect the information on this page. Please check the packaging on any product you purchase and if it's not what you expected, feel free to return it for a full refund.
Code: 3936898P
3 9 3 6 8 9 8 P
Customers also purchased
Intensity Fineliner Fineliner Assorted 10 pack
Intensity Fineliner Fineliner Assorted
10 pack
$13.50
10 pack
Add
1
for $13.50

Crayola Silly Scents Slim Markers 10 pack on special thirty percent off
Crayola Silly Scents Slim Markers
10 pack on special thirty percent off
regular price
$5.28 ea
each
save
$2.27
10 pack $0.53 per 1Ea
Unit Price
Add
1
for $5.28"	[]
Bostik	Glu Stik 21g	$ 6 .00	2 pack	$3.00 per 1Ea	"Disclaimer:
Product details, including nutritional information and country of origin, may change from time to time and so the product you receive in your order may not reflect the information on this page. Please check the packaging on any product you purchase and if it's not what you expected, feel free to return it for a full refund.
Code: 2795270P
2 7 9 5 2 7 0 P
Customers also purchased
Bostik Blu Tack 1 pack
Bostik Blu Tack
1 pack
$3.00
1 pack $3.00 per 1ea
Unit Price
Add
1
for $3.00

Sellotape Sticky Tape Refill 18mm x 25m 2 pack
Sellotape Sticky Tape Refill 18mm x 25m
2 pack
$3.95
2 pack
Add
1
for $3.95

Sellotape Sticky tape 18mmx25m
Sellotape Sticky tape 18mmx25m
$3.95
$3.95 per 1Ea
Unit Price
Add
1
for $3.95

Sellotape Masking Tape 24mmX18m
Sellotape Masking Tape 24mmX18m
$2.80
$2.80 per 1Ea
Unit Price
Add
1
for $2.80"	[]
Intensity Fineliner	Fineliner Assorted	$ 13 .50	10 pack		"Disclaimer:
Product details, including nutritional information and country of origin, may change from time to time and so the product you receive in your order may not reflect the information on this page. Please check the packaging on any product you purchase and if it's not what you expected, feel free to return it for a full refund.
Details
Dimensions:
194 x 134 x 11mm
Code: 3663467P
3 6 6 3 4 6 7 P
Customers also purchased
BIC Atlantis Blue Pens 4 pack
BIC Atlantis Blue Pens
4 pack
$6.00
4 pack $6.00 per 1Ea
Unit Price
Add
1
for $6.00

BIC 4 Colours Shine Pen 3 pack
BIC 4 Colours Shine Pen
3 pack
$10.00
3 pack $3.33 per 1Ea
Unit Price
Add
1
for $10.00

Bic Intensity Dual Tip Marker 6 pack
Bic Intensity Dual Tip Marker
6 pack
$8.40
6 pack
Add
1
for $8.40"	[]
Paper Mate	Kilometrico Pens Black	$ 4 .50	10 pack	$0.45 per 1Ea	"Disclaimer:
Product details, including nutritional information and country of origin, may change from time to time and so the product you receive in your order may not reflect the information on this page. Please check the packaging on any product you purchase and if it's not what you expected, feel free to return it for a full refund.
Code: 1842465P
1 8 4 2 4 6 5 P
Customers also purchased
Sharpie Fluo XL Assorted Highlighters 4 pack
Sharpie Fluo XL Assorted Highlighters
4 pack
$8.40
4 pack $2.10 per 1Ea
Unit Price
Add
1
for $8.40

Sharpie Permanent Marker Black 2 pack
Sharpie Permanent Marker Black
2 pack
$5.25
2 pack $2.63 per 1Ea
Unit Price
Add
1
for $5.25

Paper Mate Inkjoy Black Ball Point 4 pack
Paper Mate Inkjoy Black Ball Point
4 pack
$4.75
4 pack
Add
1
for $4.75"	['/wcsstore/Coles-CAS/images/1/8/4/1842465-th.jpg', '/wcsstore/Coles-CAS/images/1/8/4/1842465_L-th.jpg', '/wcsstore/Coles-CAS/images/1/8/4/1842465_R-th.jpg', '/wcsstore/Coles-CAS/images/1/8/4/1842465_B-th.jpg']
Sharpie	Aluminium Bullet Tip Markers	$ 6 .00	2 pack	$6.00 per 1Ea	"Disclaimer:
Product details, including nutritional information and country of origin, may change from time to time and so the product you receive in your order may not reflect the information on this page. Please check the packaging on any product you purchase and if it's not what you expected, feel free to return it for a full refund.
Code: 1842374P
1 8 4 2 3 7 4 P
Customers also purchased
Sharpie Fluo XL Assorted Highlighters 4 pack
Sharpie Fluo XL Assorted Highlighters
4 pack
$8.40
4 pack $2.10 per 1Ea
Unit Price
Add
1
for $8.40

Paper Mate Liquid Paper Dryline Grip Correction Tape
Paper Mate Liquid Paper Dryline Grip Correction Tape
$5.50
Add
1
for $5.50

Faber-Castell PVC Free Eraser 2 pack
Faber-Castell PVC Free Eraser
2 pack
$4.00
2 pack $2.00 per 1Ea
Unit Price
Add
1
for $4.00

Sharpie Permanent Marker Black 2 pack
Sharpie Permanent Marker Black
2 pack
$5.25
2 pack $2.63 per 1Ea
Unit Price
Add
1
for $5.25"	['/wcsstore/Coles-CAS/images/1/8/4/1842374-th.jpg', '/wcsstore/Coles-CAS/images/1/8/4/1842374_B-th.jpg']
BIC	4 Colours Shine Pen	$ 10 .00	3 pack	$3.33 per 1Ea	"Disclaimer:
Product details, including nutritional information and country of origin, may change from time to time and so the product you receive in your order may not reflect the information on this page. Please check the packaging on any product you purchase and if it's not what you expected, feel free to return it for a full refund.
Code: 2748509P
2 7 4 8 5 0 9 P
Customers also purchased
Bic 4 Colour Pen
Bic 4 Colour Pen
$3.20
$3.20 per 1Ea
Unit Price
Add
1
for $3.20

Sharpie Fluo XL Assorted Highlighters 4 pack
Sharpie Fluo XL Assorted Highlighters
4 pack
$8.40
4 pack $2.10 per 1Ea
Unit Price
Add
1
for $8.40

Intensity Fineliner Fineliner Assorted 10 pack
Intensity Fineliner Fineliner Assorted
10 pack
$13.50
10 pack
Add
1
for $13.50

Stabilo Boss Highlighter Assorted 6 pack
Stabilo Boss Highlighter Assorted
6 pack
$14.10
6 pack $2.35 per 1Ea
Unit Price
Add
1
for $14.10"	[]
Bic	Kids Ecolutions Colouring Pencils	$ 10 .50	36 pack	$0.29 per 1Ea	"Disclaimer:
Product details, including nutritional information and country of origin, may change from time to time and so the product you receive in your order may not reflect the information on this page. Please check the packaging on any product you purchase and if it's not what you expected, feel free to return it for a full refund.
Code: 3936887P
3 9 3 6 8 8 7 P
Customers also purchased
Faber-Castell Colour Connector Pens 20 pack
Faber-Castell Colour Connector Pens
20 pack
$8.00
20 pack $0.40 per 1Ea
Unit Price
Add
1
for $8.00

Crayola Crayons Tuck Box 24 pack
Crayola Crayons Tuck Box
24 pack
$2.85
24 pack
Add
1
for $2.85

Faber-Castell Colour Pencil Assorted 12 pack
Faber-Castell Colour Pencil Assorted
12 pack
$6.80
12 pack $0.57 per 1Ea
Unit Price
Add
1
for $6.80

Stabilo Boss Highlighter Assorted 6 pack
Stabilo Boss Highlighter Assorted
6 pack
$14.10
6 pack $2.35 per 1Ea
Unit Price
Add
1
for $14.10"	[]
Faber-Castell	Colour Pencil Assorted	$ 6 .80	12 pack	$0.57 per 1Ea	"Disclaimer:
Product details, including nutritional information and country of origin, may change from time to time and so the product you receive in your order may not reflect the information on this page. Please check the packaging on any product you purchase and if it's not what you expected, feel free to return it for a full refund.
Code: 3588565P
3 5 8 8 5 6 5 P
Customers also purchased
Faber-Castell Colour Connector Pens 20 pack
Faber-Castell Colour Connector Pens
20 pack
$8.00
20 pack $0.40 per 1Ea
Unit Price
Add
1
for $8.00

Faber-Castell PVC Free Eraser 2 pack
Faber-Castell PVC Free Eraser
2 pack
$4.00
2 pack $2.00 per 1Ea
Unit Price
Add
1
for $4.00

Bic Kids Ecolutions Colouring Pencils 36 pack on special
Bic Kids Ecolutions Colouring Pencils
36 pack on special
$10.50
save
$4.50
36 pack $0.29 per 1Ea
Unit Price
Add
1
for $10.50

Elmers Gue Cotton Candy
Elmers Gue Cotton Candy
$10.50
$10.50 per 1Ea
Unit Price
Add
1
for $10.50"	[]
Sharpie	Pens	$ 6 .20	2 pack	$3.10 per 1ea	"Disclaimer:
Product details, including nutritional information and country of origin, may change from time to time and so the product you receive in your order may not reflect the information on this page. Please check the packaging on any product you purchase and if it's not what you expected, feel free to return it for a full refund.
Code: 1823289P
1 8 2 3 2 8 9 P
Customers also purchased
Sharpie Marker Laundry Black
Sharpie Marker Laundry Black
$3.50
Add
1
for $3.50

Sharpie Gel Pen Assorted 4 pack
Sharpie Gel Pen Assorted
4 pack
$14.00
4 pack $3.50 per 1Ea
Unit Price
Add
1
for $14.00"	[]
Sharpie	Fine Assorted Markers	$ 15 .00	12 pack	$1.25 per 1Ea	"Disclaimer:
Product details, including nutritional information and country of origin, may change from time to time and so the product you receive in your order may not reflect the information on this page. Please check the packaging on any product you purchase and if it's not what you expected, feel free to return it for a full refund.
Code: 3937880P
3 9 3 7 8 8 0 P
Customers also purchased
Sharpie Permanent Marker Black 2 pack
Sharpie Permanent Marker Black
2 pack
$5.25
2 pack $2.63 per 1Ea
Unit Price
Add
1
for $5.25

Sharpie Colour Burst 24 pack
Sharpie Colour Burst
24 pack
$25.00
24 pack $1.04 per 1Ea
Unit Price
Add
1
for $25.00

Expo Fine Whiteboard Markers Assorted 8 pack
Expo Fine Whiteboard Markers Assorted
8 pack
$17.00
8 pack $2.13 per 1Ea
Unit Price
Add
1
for $17.00"	[]
Stabilo	Boss Highlighter Assorted	$ 14 .10	6 pack	$2.35 per 1Ea	"Disclaimer:
Product details, including nutritional information and country of origin, may change from time to time and so the product you receive in your order may not reflect the information on this page. Please check the packaging on any product you purchase and if it's not what you expected, feel free to return it for a full refund.
Code: 3935750P
3 9 3 5 7 5 0 P"	[]
Faber-Castell	Inspiration Pastel Set	$ 10 .50	20 pack	$0.53 per 1Ea	"Disclaimer:
Product details, including nutritional information and country of origin, may change from time to time and so the product you receive in your order may not reflect the information on this page. Please check the packaging on any product you purchase and if it's not what you expected, feel free to return it for a full refund.
Code: 3939819P
3 9 3 9 8 1 9 P
Customers also purchased
Faber-Castell Colour Connector Pens 20 pack
Faber-Castell Colour Connector Pens
20 pack
$8.00
20 pack $0.40 per 1Ea
Unit Price
Add
1
for $8.00

Faber-Castell Connector Pens 10 pack
Faber-Castell Connector Pens
10 pack
$5.70
10 pack $0.57 per 1Ea
Unit Price
Add
1
for $5.70

BIC 4 Colours Shine Pen 3 pack
BIC 4 Colours Shine Pen
3 pack
$10.00
3 pack $3.33 per 1Ea
Unit Price
Add
1
for $10.00

Sharpie Colour Burst 24 pack
Sharpie Colour Burst
24 pack
$25.00
24 pack $1.04 per 1Ea
Unit Price
Add
1
for $25.00"	[]
Bic	4 Colour Pens	$ 9 .00	3 pack		"Disclaimer:
Product details, including nutritional information and country of origin, may change from time to time and so the product you receive in your order may not reflect the information on this page. Please check the packaging on any product you purchase and if it's not what you expected, feel free to return it for a full refund.
Code: 1840095P
1 8 4 0 0 9 5 P
Customers also purchased
BIC Atlantis Blue Pens 4 pack
BIC Atlantis Blue Pens
4 pack
$6.00
4 pack $6.00 per 1Ea
Unit Price
Add
1
for $6.00

BIC 4 Colours Shine Pen 3 pack
BIC 4 Colours Shine Pen
3 pack
$10.00
3 pack $3.33 per 1Ea
Unit Price
Add
1
for $10.00

Paper Mate Kilometrico Pens Blue 10 pack
Paper Mate Kilometrico Pens Blue
10 pack
$4.50
10 pack $0.45 per 1Ea
Unit Price
Add
1
for $4.50

Bic Velocity Original Pen 2 pack
Bic Velocity Original Pen
2 pack
$5.50
2 pack $2.75 per 1Ea
Unit Price
Add
1
for $5.50"	[]
Bic	Intensity Dual Tip Marker	$ 8 .40	6 pack		"Disclaimer:
Product details, including nutritional information and country of origin, may change from time to time and so the product you receive in your order may not reflect the information on this page. Please check the packaging on any product you purchase and if it's not what you expected, feel free to return it for a full refund.
Code: 3879251P
3 8 7 9 2 5 1 P
Customers also purchased
BIC Atlantis Blue Pens 4 pack
BIC Atlantis Blue Pens
4 pack
$6.00
4 pack $6.00 per 1Ea
Unit Price
Add
1
for $6.00

Intensity Fineliner Fineliner Assorted 10 pack
Intensity Fineliner Fineliner Assorted
10 pack
$13.50
10 pack
Add
1
for $13.50

Pilot Frixion Ball Pen Black/Blue/Red 3 pack
Pilot Frixion Ball Pen Black/Blue/Red
3 pack
$9.00
3 pack $3.00 per 1Ea
Unit Price
Add
1
for $9.00

Stabilo Boss Highlighter Assorted 6 pack
Stabilo Boss Highlighter Assorted
6 pack
$14.10
6 pack $2.35 per 1Ea
Unit Price
Add
1
for $14.10"	[]
Bic	Intensity Colouring Pencils	$ 10 .00	12 pack	$0.83 per 1Ea	"Disclaimer:
Product details, including nutritional information and country of origin, may change from time to time and so the product you receive in your order may not reflect the information on this page. Please check the packaging on any product you purchase and if it's not what you expected, feel free to return it for a full refund.
Code: 3936967P
3 9 3 6 9 6 7 P
Customers also purchased
Faber-Castell Classic Colour Pencils 24 pack
Faber-Castell Classic Colour Pencils
24 pack
$13.50
24 pack $0.56 per 1Ea
Unit Price
Add
1
for $13.50

Coles Pastel Highlighters Chisel Tip in Pouch 6 pack everyday product
Coles Pastel Highlighters Chisel Tip in Pouch
6 pack everyday product
$6.00
6 pack $1.00 per 1Ea
Unit Price
Add
1
for $6.00"	[]
Coles	Stamp Set	$ 7 .20	26 pack	$0.28 per 1Ea	"Disclaimer:
Product details, including nutritional information and country of origin, may change from time to time and so the product you receive in your order may not reflect the information on this page. Please check the packaging on any product you purchase and if it's not what you expected, feel free to return it for a full refund.
Code: 3931894P
3 9 3 1 8 9 4 P
Customers also purchased
Coles Jumbo Chalk Assorted 10 pack everyday product
Coles Jumbo Chalk Assorted
10 pack everyday product
$2.80
10 pack $0.28 per 1Ea
Unit Price
Add
1
for $2.80

Coles Plastic Push Pins In Pouch 90 pack everyday product
Coles Plastic Push Pins In Pouch
90 pack everyday product
$4.00
90 pack $0.04 per 1Ea
Unit Price
Add
1
for $4.00"	['/wcsstore/Coles-CAS/images/3/9/3/3931894-th.jpg', '/wcsstore/Coles-CAS/images/3/9/3/3931894_L-th.jpg']
Energizer	iPhone Cable Steel 1.2M	$ 33 .50	1 pack	$33.50 per 1Ea	"Disclaimer:
Product details, including nutritional information and country of origin, may change from time to time and so the product you receive in your order may not reflect the information on this page. Please check the packaging on any product you purchase and if it's not what you expected, feel free to return it for a full refund.
Code: 3667559P
3 6 6 7 5 5 9 P"	[]
Energizer	iPhone Cable White 2M	$ 31 .00	1 Pack	$31.00 per 1Ea	"Disclaimer:
Product details, including nutritional information and country of origin, may change from time to time and so the product you receive in your order may not reflect the information on this page. Please check the packaging on any product you purchase and if it's not what you expected, feel free to return it for a full refund.
Code: 3667300P
3 6 6 7 3 0 0 P"	[]
Energizer	USB C Cable Braided 1.2M	$ 21 .00	1 Pack	$21.00 per 1Ea	"Disclaimer:
Product details, including nutritional information and country of origin, may change from time to time and so the product you receive in your order may not reflect the information on this page. Please check the packaging on any product you purchase and if it's not what you expected, feel free to return it for a full refund.
Code: 3667173P
3 6 6 7 1 7 3 P
Customers also purchased
Energizer Universal 2 USB Wall Charger 1 Pack
Energizer Universal 2 USB Wall Charger
1 Pack
$23.00
1 Pack $23.00 per 1Ea
Unit Price
Add
1
for $23.00"	[]
Energizer	Universal 2 USB Wall Charger	$ 23 .00	1 Pack	$23.00 per 1Ea	"Disclaimer:
Product details, including nutritional information and country of origin, may change from time to time and so the product you receive in your order may not reflect the information on this page. Please check the packaging on any product you purchase and if it's not what you expected, feel free to return it for a full refund.
Code: 3667107P
3 6 6 7 1 0 7 P
Customers also purchased
Energizer USB C Cable Blue 1.2M 1 Pack
Energizer USB C Cable Blue 1.2M
1 Pack
$21.00
1 Pack $21.00 per 1Ea
Unit Price
Add
1
for $21.00

Energizer USB C Cable Braided 1.2M 1 Pack
Energizer USB C Cable Braided 1.2M
1 Pack
$21.00
1 Pack $21.00 per 1Ea
Unit Price
Add
1
for $21.00

Energizer USB C Cable Black 1.2M 1 Pack
Energizer USB C Cable Black 1.2M
1 Pack
$21.00
1 Pack $21.00 per 1Ea
Unit Price
Add
1
for $21.00"	[]
Audeeo	Indulge Wireless Bluetooth Headphones	$ 52 .50	1 Pack	$52.50 per 1Ea	"Disclaimer:
Product details, including nutritional information and country of origin, may change from time to time and so the product you receive in your order may not reflect the information on this page. Please check the packaging on any product you purchase and if it's not what you expected, feel free to return it for a full refund.
Code: 3725917P
3 7 2 5 9 1 7 P
Customers also purchased
Our Pure Planet Lightening 1m Cable 1 pack
Our Pure Planet Lightening 1m Cable
1 pack
$21.00
1 pack $21.00 per 1Ea
Unit Price
Add
1
for $21.00"	['/wcsstore/Coles-CAS/images/3/7/2/3725917-th.jpg', '/wcsstore/Coles-CAS/images/3/7/2/3725917_L-th.jpg', '/wcsstore/Coles-CAS/images/3/7/2/3725917_R-th.jpg']
Audeeo	Silence Pro Noise Isolating Headphones	$ 22 .00	1 pack	$22.00 per 1Ea	"Disclaimer:
Product details, including nutritional information and country of origin, may change from time to time and so the product you receive in your order may not reflect the information on this page. Please check the packaging on any product you purchase and if it's not what you expected, feel free to return it for a full refund.
Code: 3969809P
3 9 6 9 8 0 9 P"	[]
Audeeo	Trek Wireless Sport Earphones	$ 31 .50	1 pack	$31.50 per 1Ea	"Disclaimer:
Product details, including nutritional information and country of origin, may change from time to time and so the product you receive in your order may not reflect the information on this page. Please check the packaging on any product you purchase and if it's not what you expected, feel free to return it for a full refund.
Code: 3969693P
3 9 6 9 6 9 3 P"	[]
Energizer	USB C Cable Black 1.2M	$ 21 .00	1 Pack	$21.00 per 1Ea	"Disclaimer:
Product details, including nutritional information and country of origin, may change from time to time and so the product you receive in your order may not reflect the information on this page. Please check the packaging on any product you purchase and if it's not what you expected, feel free to return it for a full refund.
Code: 3667140P
3 6 6 7 1 4 0 P
Customers also purchased
Energizer Universal 2 USB Wall Charger 1 Pack
Energizer Universal 2 USB Wall Charger
1 Pack
$23.00
1 Pack $23.00 per 1Ea
Unit Price
Add
1
for $23.00"	[]
Energizer	iPhone Cable White 1.2M	$ 23 .00	1 pack	$23.00 per 1Ea	"Disclaimer:
Product details, including nutritional information and country of origin, may change from time to time and so the product you receive in your order may not reflect the information on this page. Please check the packaging on any product you purchase and if it's not what you expected, feel free to return it for a full refund.
Code: 3637762P
3 6 3 7 7 6 2 P
Customers also purchased
Energizer iPhone Cable Flat Blue 1.2M 1 pack
Energizer iPhone Cable Flat Blue 1.2M
1 pack
$23.00
1 pack $23.00 per 1Ea
Unit Price
Add
1
for $23.00"	[]
Audeeo	Escape True Wireless Sport Ear Buds	$ 42 .00	1 pack	$42.00 per 1Ea	"Disclaimer:
Product details, including nutritional information and country of origin, may change from time to time and so the product you receive in your order may not reflect the information on this page. Please check the packaging on any product you purchase and if it's not what you expected, feel free to return it for a full refund.
Code: 3969740P
3 9 6 9 7 4 0 P"	[]
Energizer	iPhone Cable Braided 1.2M	$ 31 .00	1 Pack	$31.00 per 1Ea	"Disclaimer:
Product details, including nutritional information and country of origin, may change from time to time and so the product you receive in your order may not reflect the information on this page. Please check the packaging on any product you purchase and if it's not what you expected, feel free to return it for a full refund.
Code: 3667297P
3 6 6 7 2 9 7 P"	[]
Energizer	USB C Cable Black 2M	$ 25 .00	1 Pack	$25.00 per 1Ea	"Disclaimer:
Product details, including nutritional information and country of origin, may change from time to time and so the product you receive in your order may not reflect the information on this page. Please check the packaging on any product you purchase and if it's not what you expected, feel free to return it for a full refund.
Code: 3725677P
3 7 2 5 6 7 7 P
Customers also purchased
Our Pure Planet Lightening 1m Cable 1 pack
Our Pure Planet Lightening 1m Cable
1 pack
$21.00
1 pack $21.00 per 1Ea
Unit Price
Add
1
for $21.00"	[]
Coles	RSPCA Approved Free Range Chicken Breast Large Pack	$ 16 .25	approx. 1.25kg	$13.00 per 1Kg	"Disclaimer:
Product details, including nutritional information and country of origin, may change from time to time and so the product you receive in your order may not reflect the information on this page. Please check the packaging on any product you purchase and if it's not what you expected, feel free to return it for a full refund.
Details
Ingredients:
Chicken Breast.
Storage Instructions:
Keep refrigerated. Store at or below 5C
Preparation Instructions:
Preheat oven to 220C (200C fan forced).
Remove the chicken breasts from the packaging, lightly drizzle with olive oil and season with salt, a sprig of thyme, a few garlic cloves and the juice of 1 orange, or your favourite rub or marinade.
Place on a baking tray and cook for 30 to 35 minutes or until fully cooked through and juices run clear. Turn once half way through cooking.
Remove from the oven, lightly cover with foil and allow to rest for 5 minutes before serving.
Code: 3227410P
3 2 2 7 4 1 0 P
Customers also purchased
Coles RSPCA Approved Free Range Chicken Wing Nibbles approx. 600g
Coles RSPCA Approved Free Range Chicken Wing Nibbles
approx. 600g
$5.40
approx. 600g $9.00 per 1Kg
Unit Price
Price is an estimate
Add
600g
for $5.40

Coles RSPCA Approved Free Range Chicken Tenderloins approx. 600g
Coles RSPCA Approved Free Range Chicken Tenderloins
approx. 600g
$12.00
approx. 600g $20.00 per 1Kg
Unit Price
Price is an estimate
Add
600g
for $12.00

Lilydale Chicken Breast Schnitzel With Cauliflower & Herb Crumb 400g on special
Lilydale Chicken Breast Schnitzel With Cauliflower & Herb Crumb
400g on special
$10.00
save
$1.50
400g $25.00 per 1Kg
Unit Price
Add
1
for $10.00"	['/wcsstore/Coles-CAS/images/3/2/2/3227410-th.jpg', '/wcsstore/Coles-CAS/images/3/2/2/3227410_L-th.jpg', '/wcsstore/Coles-CAS/images/3/2/2/3227410_R-th.jpg']
Coles	RSPCA Approved Chicken Breast Fillets Large Pack	$ 14 .70	approx. 1.4kg	$10.50 per 1Kg	"Disclaimer:
Product details, including nutritional information and country of origin, may change from time to time and so the product you receive in your order may not reflect the information on this page. Please check the packaging on any product you purchase and if it's not what you expected, feel free to return it for a full refund.
Details
Ingredients:
INGREDIENTS: RSPCA Approved Chicken (100%) (Chicken Breast Fillet).
Servings Per Pack:
4.0
Storage Instructions:
Keep refrigerated. Store at or below 5C
Preparation Instructions:
Preheat oven to 220C (200C fan forced).
Remove the breasts from the packaging, lightly oil and season with your favourite rub or marinade.
Place on a baking tray and cook for 30 to 35 minutes or until fully cooked through and juices run clear. Turn once half way through cooking.
Remove from the oven and serve.
Code: 2263179P
2 2 6 3 1 7 9 P"	['/wcsstore/Coles-CAS/images/2/2/6/2263179-th.jpg', '/wcsstore/Coles-CAS/images/2/2/6/2263179_L-th.jpg', '/wcsstore/Coles-CAS/images/2/2/6/2263179_R-th.jpg', '/wcsstore/Coles-CAS/images/2/2/6/2263179_B-th.jpg']
Coles	RSPCA Approved Chicken Breast Fillets Small Pack	$ 7 .80	approx. 600g	$13.00 per 1Kg	"Disclaimer:
Product details, including nutritional information and country of origin, may change from time to time and so the product you receive in your order may not reflect the information on this page. Please check the packaging on any product you purchase and if it's not what you expected, feel free to return it for a full refund.
Details
Servings Per Pack:
2.0
Storage Instructions:
Keep refrigerated. Store at or below 5C
Preparation Instructions:
Preheat oven to 220C (200C fan forced).
Remove the breasts from the packaging, lightly oil and season with your favourite rub or marinade.
Place on a baking tray and cook for 30 to 35 minutes or until fully cooked through and juices run clear. Turn once half way through cooking.
Remove from the oven and serve.
Code: 2263168P
2 2 6 3 1 6 8 P"	[]
Lilydale	Free Range Chicken Breast Fillets Bulk Pack	$ 16 .50	approx. 1kg	$16.50 per 1Kg	"Disclaimer:
Product details, including nutritional information and country of origin, may change from time to time and so the product you receive in your order may not reflect the information on this page. Please check the packaging on any product you purchase and if it's not what you expected, feel free to return it for a full refund.
Details
Storage Instructions:
Keep refrigerated. Store at or below 4C.
Size:
Variable
Code: 2303750P
2 3 0 3 7 5 0 P
Customers also purchased
Lilydale Free Range Chicken Thigh Fillets Bulk Pack approx. 900g
Lilydale Free Range Chicken Thigh Fillets Bulk Pack
approx. 900g
$18.00
approx. 900g $20.00 per 1Kg
Unit Price
Price is an estimate
Add
900g
for $18.00

Lilydale Free Range Chicken Drumsticks Bulk Pack approx. 1kg on special
Lilydale Free Range Chicken Drumsticks Bulk Pack
approx. 1kg on special
$5.50
save
$2.00
approx. 1kg $5.50 per 1Kg
Unit Price
Price is an estimate
Add
1
for $5.50

Lilydale Chicken Breast Schnitzels 400g on special
Lilydale Chicken Breast Schnitzels
400g on special
$10.50
save
$2.00
400g $26.25 per 1Kg
Unit Price
Add
1
for $10.50

Lilydale Free Range Chicken Breast Strips Crumbed 400g
Lilydale Free Range Chicken Breast Strips Crumbed
400g
$11.50
400g $28.75 per 1Kg
Unit Price
Add
1
for $11.50"	['/wcsstore/Coles-CAS/images/2/3/0/2303750-th.jpg', '/wcsstore/Coles-CAS/images/2/3/0/2303750_B-th.jpg']
Coles	RSPCA Approved Chicken Breast Schnitzel Plain Crumb	$ 10 .50	600g	$17.50 per 1Kg	"Nutrition Facts
Serving size: 1 serving = 150g
Qty
Quantity
per serving Qty
Quantity
per 100g / 100ml %
Percentage
daily intake*
Energy 1101.24 734.16
Not provided
Energy Cal 263.45 175.64
Not provided
Protein 23.45 15.63
Not provided
Trans 0.14 0.09
Not provided
Carbohydrate 14.75 9.83
Not provided
Sugars 5.3 3.53
Not provided
Dietary Fibre Total 1.7 1.13
Not provided
Sodium 513 342
Not provided
*Percentage Daily Intake per serving. Percentage Daily Intakes are based on an average adult diet of 8700 kJ. Your daily intakes may be higher or lower depending on your energy needs.
Disclaimer:
Product details, including nutritional information and country of origin, may change from time to time and so the product you receive in your order may not reflect the information on this page. Please check the packaging on any product you purchase and if it's not what you expected, feel free to return it for a full refund.
Details
Ingredients:
INGREDIENTS: RSPCA Approved Australian Chicken Breast (60%), Breadcrumb Coating [Wheat Flour, Water, Canola Oil, Thickeners (1422, 1404), Buckwheat Flour (Soy), Mineral Salts (450, Sodium Carbonates, 541), Dehydrated Vegetables (Onion, Garlic), Salt, Egg Albumen, Wheat Gluten, Soy Flour, Yeast Extract, Yeast, Sugar, Natural Colours (150a, Turmeric, Paprika Oleoresins), Dextrose, Emulsifier (Soy Lecithin)], Marinade [Water, Thickener (1442), Salt, Sugar, Maltodextrin, Mineral Salts (451, 450, 452), Canola Oil].
Allergen:
Contains SOY, Contains EGG, Contains Gluten, Contains Wheat
Servings Per Pack:
4.0
Storage Instructions:
Keep refrigerated. Store at or below 5C
Warning:
Food Warnings: ALL CARE HAS BEEN TAKEN TO REMOVE ALL BONES AND BONE FRAGMENTS, HOWEVER SOME MAY REMAIN.
Preparation Instructions:
How to Cook:
Preheat oven to 220C (200C fan forced) with a lined baking tray inside.
Remove schnitzels from packaging and arrange on preheated lined baking tray.
Place in the centre of the oven and cook for 18 to 20 minutes or until golden brown and piping hot. Turn once half way through cooking.
Code: 5969865P
5 9 6 9 8 6 5 P
Customers also purchased
Coles RSPCA Approved Chicken Breast Tenders Plain Crumb 400g
Coles RSPCA Approved Chicken Breast Tenders Plain Crumb
400g
$8.00
400g $20.00 per 1Kg
Unit Price
Add
1
for $8.00

Coles RSPCA Approved Chicken Breast Kiev Garlic Butter 700g
Coles RSPCA Approved Chicken Breast Kiev Garlic Butter
700g
$9.50
700g $13.57 per 1Kg
Unit Price
Add
1
for $9.50

Coles RSPCA Approved Chicken Tenders Southern Fried 400g
Coles RSPCA Approved Chicken Tenders Southern Fried
400g
$10.00
400g $25.00 per 1Kg
Unit Price
Add
1
for $10.00

Coles RSPCA Approved Chicken Southern Fried Thigh Burger 400g on special
Coles RSPCA Approved Chicken Southern Fried Thigh Burger
400g on special
$10.00
save
$1.00
400g $2.50 per 100G
Unit Price
Add
1
for $10.00"	['/wcsstore/Coles-CAS/images/5/9/6/5969865-th.jpg', '/wcsstore/Coles-CAS/images/5/9/6/5969865_L-th.jpg', '/wcsstore/Coles-CAS/images/5/9/6/5969865_R-th.jpg', '/wcsstore/Coles-CAS/images/5/9/6/5969865_B-th.jpg']
Coles	RSPCA Chicken Schnitzel Plain Crumb	$ 11 .50	1.2kg	$9.58 per 1Kg	"Nutrition Facts
Serving size: 1 serving = 100g
Qty
Quantity
per serving Qty
Quantity
per 100g / 100ml %
Percentage
daily intake*
Energy 981.3 981.3 11
Energy Cal 234.76 234.76
Not provided
Protein 11.9 11.9 24
Total Fat 14.1 14.1 20
Saturated Fat 1.1 1.1 5
Trans 0.09 0.09
Not provided
Carbohydrate 14.1 14.1 5
Sodium 320 320 14
*Percentage Daily Intake per serving. Percentage Daily Intakes are based on an average adult diet of 8700 kJ. Your daily intakes may be higher or lower depending on your energy needs.
Disclaimer:
Product details, including nutritional information and country of origin, may change from time to time and so the product you receive in your order may not reflect the information on this page. Please check the packaging on any product you purchase and if it's not what you expected, feel free to return it for a full refund.
Details
Ingredients:
INGREDIENTS: RSPCA Approved Australian Chicken Breast (39%), Breadcrumb Coating [Wheat Flour, Water, Salt, Canola Oil, Olive Oil, Yeast, Sugar, Vegetable Gum (412), Mineral Salt (450, Sodium Carbonates)], Water, Rice Flour, Canola Oil, Soy Protein Concentrate, Sugar, Salt, Mineral Salt (451).
Allergen:
May Contain EGG, May Contain MILK, Contains SOY, May Contain SESAME, Contains CEREALS CONTAINING GLUTEN, Contains Wheat
Servings Per Pack:
12.0
Storage Instructions:
Keep refrigerated. Store at or below 5C
Warning:
Food Warnings:rnALL CARE HAS BEEN TAKEN TO REMOVE ALL BONES AND BONE FRAGMENTS, HOWEVER SOME MAY REMAIN.rnrn
Preparation Instructions:
Oven:rnHOW TO COOK1. Preheat oven to 220C (200C fan forced).2. Remove burgers from the packaging and place onto a lined baking tray.3. Place in the centre of the oven and cook for
15 minutes or until golden brown and piping hot. Turn once half way through cooking.rnrnShallow Fry:rn1. Heat a pan to medium heat and lightly oil2. Remove schnitzels from packaging.
Place the schnitzels in the pan and fry for 10 to 12 minutes, turning occasionally, until golden brown and piping hot.rnrn
Code: 2904193P
2 9 0 4 1 9 3 P
Customers also purchased
Coles RSPCA Approved Chicken Breast Kiev Garlic Butter 700g
Coles RSPCA Approved Chicken Breast Kiev Garlic Butter
700g
$9.50
700g $13.57 per 1Kg
Unit Price
Add
1
for $9.50

Coles RSPCA Approved Chicken Burgers Plain Crumb 1.2kg
Coles RSPCA Approved Chicken Burgers Plain Crumb
1.2kg
$12.50
1.2kg $10.42 per 1Kg
Unit Price
Add
1
for $12.50

Canon Foods Gluten Free Chicken Breast Schnitzel 440g
Canon Foods Gluten Free Chicken Breast Schnitzel
440g
$6.50
Was $7.50 Aug 2019
440g $14.77 per 1Kg
Unit Price
Add
1
for $6.50

Coles RSPCA Approved Chicken Popcorn Southern Fried 400g on special
Coles RSPCA Approved Chicken Popcorn Southern Fried
400g on special
$7.50
save
$0.50
400g $18.75 per 1Kg
Unit Price
Add
1
for $7.50"	['/wcsstore/Coles-CAS/images/2/9/0/2904193-th.jpg', '/wcsstore/Coles-CAS/images/2/9/0/2904193_B-th.jpg']
Lilydale	Free Range Chicken Breast Fillets Small Pack	$ 11 .70	approx. 600g	$19.50 per 1Kg	"Disclaimer:
Product details, including nutritional information and country of origin, may change from time to time and so the product you receive in your order may not reflect the information on this page. Please check the packaging on any product you purchase and if it's not what you expected, feel free to return it for a full refund.
Details
Storage Instructions:
Keep refrigerated. Store at or below 4C.
Size:
Variable
Code: 8227768P
8 2 2 7 7 6 8 P
Customers also purchased
Lilydale Free Range Chicken Thigh Fillets Small Pack approx. 545g
Lilydale Free Range Chicken Thigh Fillets Small Pack
approx. 545g
$11.45
approx. 545g $21.00 per 1Kg
Unit Price
Price is an estimate
Add
1
for $11.45"	['/wcsstore/Coles-CAS/images/8/2/2/8227768-th.jpg', '/wcsstore/Coles-CAS/images/8/2/2/8227768_B-th.jpg']
Coles	RSPCA Approved Free Range Chicken Breast Fillet Small Pack	$ 10 .20	approx. 600g	$17.00 per 1Kg	"Disclaimer:
Product details, including nutritional information and country of origin, may change from time to time and so the product you receive in your order may not reflect the information on this page. Please check the packaging on any product you purchase and if it's not what you expected, feel free to return it for a full refund.
Details
Storage Instructions:
Keep refrigerated. Store at or below 5C
Preparation Instructions:
Preheat oven to 220C (200C fan forced).
Remove the chicken breasts from the packaging, lightly drizzle with olive oil and season with salt, a sprig of thyme, a few garlic cloves and the juice of 1 orange, or your favourite rub or marinade.
Place on a baking tray and cook for 30 to 35 minutes or until fully cooked through and juices run clear. Turn once half way through cooking.
Remove from the oven, lightly cover with foil and allow to rest for 5 minutes before serving.
Code: 3228730P
3 2 2 8 7 3 0 P
Customers also purchased
Lilydale Free Range Chicken Mince 500g
Lilydale Free Range Chicken Mince
500g
$10.50
500g $21.00 per 1Kg
Unit Price
Add
1
for $10.50

Coles RSPCA Approved Free Range Chicken Whole approx. 1.6kg
Coles RSPCA Approved Free Range Chicken Whole
approx. 1.6kg
$10.40
Was $17.92 Aug 2022
approx. 1.6kg $6.50 per 1Kg
Unit Price
Price is an estimate
Add
1.6kg
for $10.40

Coles RSPCA Approved Free Range Chicken Wing Nibbles approx. 600g
Coles RSPCA Approved Free Range Chicken Wing Nibbles
approx. 600g
$5.40
approx. 600g $9.00 per 1Kg
Unit Price
Price is an estimate
Add
600g
for $5.40"	[]
Coles	RSPCA Approved Chicken Breast Schnitzel Garlic & Herb Crumb	$ 10 .50	600g	$17.50 per 1Kg	"Nutrition Facts
Serving size: 1 serving = 150g
Qty
Quantity
per serving Qty
Quantity
per 100g / 100ml %
Percentage
daily intake*
Energy 1109.19 739.46
Not provided
Energy Cal 265.36 176.9
Not provided
Protein 21.9 14.6
Not provided
Trans 0.14 0.09
Not provided
Carbohydrate 14.21 9.47
Not provided
Sugars 4.5 3
Not provided
Dietary Fibre Total 2.06 1.37
Not provided
Sodium 507 338
Not provided
*Percentage Daily Intake per serving. Percentage Daily Intakes are based on an average adult diet of 8700 kJ. Your daily intakes may be higher or lower depending on your energy needs.
Disclaimer:
Product details, including nutritional information and country of origin, may change from time to time and so the product you receive in your order may not reflect the information on this page. Please check the packaging on any product you purchase and if it's not what you expected, feel free to return it for a full refund.
Details
Ingredients:
INGREDIENTS: RSPCA Approved Australian Chicken Breast (60%), Garlic and Herb Breadcrumb Coating [Wheat Flour, Water, Canola Oil, Thickeners (1422, 1404, 415), Dehydrated Vegetables (Onion, Garlic), Salt, Buckwheat Flour (Soy), Herbs (Rosemary, Thyme, Parsley, Sage), Egg Albumen, Pepper, Wheat Gluten, Mineral Salts (450, Sodium Carbonates), Yeast Extract, Natural Colours (Paprika Oleoresins, Turmeric, 150a), Yeast, Sugar, Dextrose], Marinade [Water, Thickener (1442), Salt, Sugar, Maltodextrin, Mineral Salts (451, 450, 452), Canola Oil].
Allergen:
Contains SOY, Contains EGG, Contains Gluten, Contains Wheat
Servings Per Pack:
4.0
Storage Instructions:
Keep refrigerated. Store at or below 5C
Warning:
Food Warnings: ALL CARE HAS BEEN TAKEN TO REMOVE ALL BONES AND BONE FRAGMENTS, HOWEVER SOME MAY REMAIN.
Preparation Instructions:
How to Cook:
Preheat oven to 220C (200C fan forced) with a lined baking tray inside.
Remove schnitzels from packaging and arrange on preheated lined baking tray.
Place in the centre of the oven and cook for 18 to 20 minutes or until golden brown and piping hot. Turn once half way through cooking.
Code: 9232956P
9 2 3 2 9 5 6 P
Customers also purchased
Coles RSPCA Approved Chicken Burgers Herb & Garlic Crumb 400g
Coles RSPCA Approved Chicken Burgers Herb & Garlic Crumb
400g
$6.50
400g $16.25 per 1Kg
Unit Price
Add
1
for $6.50

Coles RSPCA Approved Chicken Breast Fillet Crumb Sage & Rosemary 400g on special
Coles RSPCA Approved Chicken Breast Fillet Crumb Sage & Rosemary
400g on special
$8.50
save
$1.50
400g $21.25 per 1Kg
Unit Price
Add
1
for $8.50

Coles Rspca Approved Chicken Breast Kiev Creamy Garlic 350g on special
Coles Rspca Approved Chicken Breast Kiev Creamy Garlic
350g on special
$8.50
save
$1.00
350g $24.29 per 1Kg
Unit Price
Add
1
for $8.50

Coles RSPCA Approved Chicken Southern Fried Thigh Burger 400g on special
Coles RSPCA Approved Chicken Southern Fried Thigh Burger
400g on special
$10.00
save
$1.00
400g $2.50 per 100G
Unit Price
Add
1
for $10.00"	['/wcsstore/Coles-CAS/images/9/2/3/9232956-th.jpg', '/wcsstore/Coles-CAS/images/9/2/3/9232956_B-th.jpg']
Coles	RSPCA Approved Chicken Breast Fillet Crumb Sage & Rosemary	$ 8 .50	400g	$21.25 per 1Kg	"Nutrition Facts
Serving size: 1 serving = 200g
Qty
Quantity
per serving Qty
Quantity
per 100g / 100ml %
Percentage
daily intake*
Energy 1795.60 897.80
Not provided
Energy Cal 429.57 214.78
Not provided
Protein 28.20 14.10
Not provided
Total Fat 17.60 8.80
Not provided
Saturated Fat 1.80 0.90
Not provided
Trans 0.40 0.20
Not provided
Carbohydrate 37.80 18.90
Not provided
Sugars 2.40 1.20
Not provided
Sodium 1190.00 595.00
Not provided
*Percentage Daily Intake per serving. Percentage Daily Intakes are based on an average adult diet of 8700 kJ. Your daily intakes may be higher or lower depending on your energy needs.
Disclaimer:
Product details, including nutritional information and country of origin, may change from time to time and so the product you receive in your order may not reflect the information on this page. Please check the packaging on any product you purchase and if it's not what you expected, feel free to return it for a full refund.
Details
Ingredients:
INGREDIENTS: RSPCA Approved Australian Chicken Breast (56%), Sage & Rosemary Breadcrumb Coating [Wheat Flour, Water, Salt, Sugar, Wheat Starch, Spice (Pepper), Wheat Gluten, Egg Albumen, Herbs (Rosemary, Sage), Dehydrated Vegetables (Onion, Garlic), Mineral Salts (341, Sodium Carbonates), Natural Flavouring, Yeast Extract, Canola Oil, Yeast, Wheat Fibre], Marinade [Water, Dextrose, Potato Starch, Salt, Natural Flavouring, Dehydrated Vegetables (Onion, Garlic), Thickener (412), Herb Extracts (Rosemary, Oregano, Sage)], Canola Oil.
Allergen:
May Contain MILK, May Contain SOY, Contains EGG, Contains CEREALS CONTAINING GLUTEN, Contains Wheat
Servings Per Pack:
2.0
Storage Instructions:
Keep refrigerated. Store at or below 5C
Warning:
Food Warnings: ALL CARE HAS BEEN TAKEN TO REMOVE ALL BONES AND BONE FRAGMENTS, HOWEVER SOME MAY REMAIN.
Preparation Instructions:
HOW TO COOK
Preheat oven to 190C (170C fan forced).
Remove crumbed fillets from the packaging and place onto a lined baking tray.
Place in the centre of the oven and cook for 15 to 20 minutes or until golden brown and piping hot. Turn once half way through cooking.
Code: 2903871P
2 9 0 3 8 7 1 P
Customers also purchased
Coles RSPCA Approved Chicken Breast Schnitzel Garlic & Herb Crumb 600g
Coles RSPCA Approved Chicken Breast Schnitzel Garlic & Herb Crumb
600g
$10.50
600g $17.50 per 1Kg
Unit Price
Flybuys member price - $2 off the marked price until 14 Mar 2023.
Add
1
for $10.50

Coles RSPCA Approved Chicken Tenders Southern Fried 400g
Coles RSPCA Approved Chicken Tenders Southern Fried
400g
$10.00
400g $25.00 per 1Kg
Unit Price
Add
1
for $10.00

Coles Rspca Approved Chicken Breast Kiev Creamy Garlic 350g on special
Coles Rspca Approved Chicken Breast Kiev Creamy Garlic
350g on special
$8.50
save
$1.00
350g $24.29 per 1Kg
Unit Price
Add
1
for $8.50

Coles RSPCA Approved Chicken Southern Fried Thigh Burger 400g on special
Coles RSPCA Approved Chicken Southern Fried Thigh Burger
400g on special
$10.00
save
$1.00
400g $2.50 per 100G
Unit Price
Add
1
for $10.00"	['/wcsstore/Coles-CAS/images/2/9/0/2903871-th.jpg', '/wcsstore/Coles-CAS/images/2/9/0/2903871_L-th.jpg', '/wcsstore/Coles-CAS/images/2/9/0/2903871_B-th.jpg']
Canon Foods	Gluten Free Chicken Breast Schnitzel	$ 6 .50	440g	$14.77 per 1Kg	"Disclaimer:
Product details, including nutritional information and country of origin, may change from time to time and so the product you receive in your order may not reflect the information on this page. Please check the packaging on any product you purchase and if it's not what you expected, feel free to return it for a full refund.
Code: 3501498P
3 5 0 1 4 9 8 P
Customers also purchased
Coles RSPCA Approved Chicken Tenders Southern Fried 400g
Coles RSPCA Approved Chicken Tenders Southern Fried
400g
$10.00
400g $25.00 per 1Kg
Unit Price
Add
1
for $10.00

Coles RSPCA Chicken Schnitzel Plain Crumb 1.2kg
Coles RSPCA Chicken Schnitzel Plain Crumb
1.2kg
$11.50
1.2kg $9.58 per 1Kg
Unit Price
Add
1
for $11.50

Coles RSPCA Approved Chicken Burgers Plain Crumb 1.2kg
Coles RSPCA Approved Chicken Burgers Plain Crumb
1.2kg
$12.50
1.2kg $10.42 per 1Kg
Unit Price
Add
1
for $12.50

Coles RSPCA Approved Chicken Burgers Herb & Garlic Crumb 400g
Coles RSPCA Approved Chicken Burgers Herb & Garlic Crumb
400g
$6.50
400g $16.25 per 1Kg
Unit Price
Add
1
for $6.50"	[]
Lilydale	Free Range Chicken Stir Fry Large Pack	$ 21 .00	approx. 1.2kg	$17.50 per 1Kg	"Disclaimer:
Product details, including nutritional information and country of origin, may change from time to time and so the product you receive in your order may not reflect the information on this page. Please check the packaging on any product you purchase and if it's not what you expected, feel free to return it for a full refund.
Details
Storage Instructions:
Keep refrigerated. Store at or below 4C.
Size:
Variable
Code: 4671450P
4 6 7 1 4 5 0 P"	['/wcsstore/Coles-CAS/images/4/6/7/4671450-th.jpg', '/wcsstore/Coles-CAS/images/4/6/7/4671450_B-th.jpg']
Slow Hills	RSPCA Approved Free Range Chicken Breast Fillets Large pack	$ 25 .88	approx. 1.15kg	$22.50 per 1Kg	"Disclaimer:
Product details, including nutritional information and country of origin, may change from time to time and so the product you receive in your order may not reflect the information on this page. Please check the packaging on any product you purchase and if it's not what you expected, feel free to return it for a full refund.
Details
Storage Instructions:
Keep refrigerated. Store at or below 5C, Keep refrigerated. Store at or below 5CrnTo freeze, do so on day of purchase and use within 1 month. Allow to fully thaw in the refrigerator prior to cooking and keep refrigerated until use. Use within 1 days of thawing. Once thawed do not refreeze.
Warning:
Food Warnings:rnALL CARE HAS BEEN TAKEN TO REMOVE ALL BONES AND BONE FRAGMENTS, HOWEVER SOME MAY REMAIN.rnrn
Preparation Instructions:
Oven:rnHANDLING INSTRUCTIONS Store, handle and prepare raw poultry separately to cooked foods. Wash hands thoroughly after handling raw poultry. HOW TO COOK1. Preheat oven to 180C fan forced (200C conventional). Preheat fry pan to medium heat. 2. Remove all packaging and moisture pads. 3. Brush chicken with oil and season with coarse salt and black pepper. 4. Place fillets in the pan and fry for 4 minutes, turn and continue to fry for an additional 2 minutes. 5. Remove from fry pan and place onto a lined baking tray.6. Cook in the oven for 25 to 30 minutes, until golden brown and the juices run clear when pierced. 7. Once cooked, lightly cover with foil and allow to rest in a warm, dry place for 5 minutes before serving.rnrn
Code: 4261480P
4 2 6 1 4 8 0 P
Customers also purchased
Slow Hills Free Range RSPCA Approved Whole Chicken approx 1.6kg
Slow Hills Free Range RSPCA Approved Whole Chicken
approx 1.6kg
$17.60
approx 1.6kg $11.00 per 1Kg
Unit Price
Price is an estimate
Add
1
for $17.60

Slow Hills Free Range RSPCA Approved Chicken Thigh Cutlets approx. 650g on special
Slow Hills Free Range RSPCA Approved Chicken Thigh Cutlets
approx. 650g on special
$13.65
save
$1.63
approx. 650g $21.00 per 1Kg
Unit Price
Price is an estimate
Add
650g
for $13.65

Slow Hills Free Range RSPCA Approved Chicken Drumsticks approx. 500g on special
Slow Hills Free Range RSPCA Approved Chicken Drumsticks
approx. 500g on special
$6.25
save
$1.00
approx. 500g $12.50 per 1Kg
Unit Price
Price is an estimate
Add
500g
for $6.25"	['/wcsstore/Coles-CAS/images/4/2/6/4261480-th.jpg', '/wcsstore/Coles-CAS/images/4/2/6/4261480_L-th.jpg']
Meat Servery	Flinders + Co Marinated Chicken Thighs	$ 22 .00	perkg	$22.00 per 1Kg	"Disclaimer:
Product details, including nutritional information and country of origin, may change from time to time and so the product you receive in your order may not reflect the information on this page. Please check the packaging on any product you purchase and if it's not what you expected, feel free to return it for a full refund.
Code: 5462910P
5 4 6 2 9 1 0 P"	[]
Coles	RSPCA Approved Chicken Necks	$ 6 .60	approx. 1.1kg	$6.00 per 1Kg	"Disclaimer:
Product details, including nutritional information and country of origin, may change from time to time and so the product you receive in your order may not reflect the information on this page. Please check the packaging on any product you purchase and if it's not what you expected, feel free to return it for a full refund.
Details
Storage Instructions:
Keep refrigerated. Store at or below 5C
Code: 1491280P
1 4 9 1 2 8 0 P
Customers also purchased
Coles RSPCA Approved Chicken Livers approx. 600g on special
Coles RSPCA Approved Chicken Livers
approx. 600g on special
$5.10
save
$0.30
approx. 600g $8.50 per 1Kg
Unit Price
Price is an estimate
Add
600g
for $5.10

Coles RSPCA Approved Chicken Giblets approx. 600g on special
Coles RSPCA Approved Chicken Giblets
approx. 600g on special
$4.20
save
$0.30
approx. 600g $7.00 per 1Kg
Unit Price
Price is an estimate
Add
600g
for $4.20

Coles RSPCA Approved Chicken Frames approx. 750g on special
Coles RSPCA Approved Chicken Frames
approx. 750g on special
$3.38
save
$0.75
approx. 750g $4.50 per 1Kg
Unit Price
Price is an estimate
Add
1
for $3.38"	[]
Coles	RSPCA Approved Chicken Livers	$ 5 .10	approx. 600g	$8.50 per 1Kg	"Disclaimer:
Product details, including nutritional information and country of origin, may change from time to time and so the product you receive in your order may not reflect the information on this page. Please check the packaging on any product you purchase and if it's not what you expected, feel free to return it for a full refund.
Details
Ingredients:
INGREDIENTS: Chicken Liver.
Servings Per Pack:
3.0
Storage Instructions:
Keep refrigerated. Store at or below 5C
Code: 1718058P
1 7 1 8 0 5 8 P
Customers also purchased
Coles RSPCA Approved Chicken Necks approx. 1.1kg on special
Coles RSPCA Approved Chicken Necks
approx. 1.1kg on special
$6.60
save
$0.55
approx. 1.1kg $6.00 per 1Kg
Unit Price
Price is an estimate
Add
1.1kg
for $6.60

Coles RSPCA Approved Chicken Giblets approx. 600g on special
Coles RSPCA Approved Chicken Giblets
approx. 600g on special
$4.20
save
$0.30
approx. 600g $7.00 per 1Kg
Unit Price
Price is an estimate
Add
600g
for $4.20

Coles RSPCA Approved Chicken Frames approx. 750g on special
Coles RSPCA Approved Chicken Frames
approx. 750g on special
$3.38
save
$0.75
approx. 750g $4.50 per 1Kg
Unit Price
Price is an estimate
Add
1
for $3.38"	[]
Coles	RSPCA Approved Chicken Giblets	$ 4 .20	approx. 600g	$7.00 per 1Kg	"Nutrition Facts
Serving size: 1 serving = NONE
Qty
Quantity
per serving Qty
Quantity
per 100g / 100ml %
Percentage
daily intake*
Energy 411.8 411.8 5
Energy Cal 98.52 98.52
Not provided
Protein 14.8 14.8 30
Total Fat 4.1 4.1 6
Saturated Fat 1.4 1.4 6
Carbohydrate 0.5 0.5 0
Sodium 60 60 3
*Percentage Daily Intake per serving. Percentage Daily Intakes are based on an average adult diet of 8700 kJ. Your daily intakes may be higher or lower depending on your energy needs.
Disclaimer:
Product details, including nutritional information and country of origin, may change from time to time and so the product you receive in your order may not reflect the information on this page. Please check the packaging on any product you purchase and if it's not what you expected, feel free to return it for a full refund.
Details
Ingredients:
INGREDIENTS: Chicken Giblets
Code: 2565429P
2 5 6 5 4 2 9 P
Customers also purchased
Coles RSPCA Approved Chicken Necks approx. 1.1kg on special
Coles RSPCA Approved Chicken Necks
approx. 1.1kg on special
$6.60
save
$0.55
approx. 1.1kg $6.00 per 1Kg
Unit Price
Price is an estimate
Add
1.1kg
for $6.60

Coles RSPCA Approved Chicken Livers approx. 600g on special
Coles RSPCA Approved Chicken Livers
approx. 600g on special
$5.10
save
$0.30
approx. 600g $8.50 per 1Kg
Unit Price
Price is an estimate
Add
600g
for $5.10

Coles RSPCA Approved Chicken Frames approx. 750g on special
Coles RSPCA Approved Chicken Frames
approx. 750g on special
$3.38
save
$0.75
approx. 750g $4.50 per 1Kg
Unit Price
Price is an estimate
Add
1
for $3.38"	[]
Coles	RSPCA Approved Chicken Frames	$ 3 .38	approx. 750g	$4.50 per 1Kg	"Nutrition Facts
Serving size: 1 serving = 1.2
Qty
Quantity
per serving Qty
Quantity
per 100g / 100ml %
Percentage
daily intake*
Energy 0 0
Not provided
Energy Cal 0 0
Not provided
Protein 0 0
Not provided
Total Fat 0 0
Not provided
Saturated Fat 0 0
Not provided
Carbohydrate 0 0
Not provided
Sodium 0 0
Not provided
*Percentage Daily Intake per serving. Percentage Daily Intakes are based on an average adult diet of 8700 kJ. Your daily intakes may be higher or lower depending on your energy needs.
Disclaimer:
Product details, including nutritional information and country of origin, may change from time to time and so the product you receive in your order may not reflect the information on this page. Please check the packaging on any product you purchase and if it's not what you expected, feel free to return it for a full refund.
Details
Ingredients:
INGREDIENTS: Chicken Frames.
Servings Per Pack:
4.0
Storage Instructions:
Keep refrigerated. Store at or below 5C
Code: 3199541P
3 1 9 9 5 4 1 P
Customers also purchased
Coles RSPCA Approved Chicken Necks approx. 1.1kg on special
Coles RSPCA Approved Chicken Necks
approx. 1.1kg on special
$6.60
save
$0.55
approx. 1.1kg $6.00 per 1Kg
Unit Price
Price is an estimate
Add
1.1kg
for $6.60

Coles RSPCA Approved Chicken Livers approx. 600g on special
Coles RSPCA Approved Chicken Livers
approx. 600g on special
$5.10
save
$0.30
approx. 600g $8.50 per 1Kg
Unit Price
Price is an estimate
Add
600g
for $5.10

Coles RSPCA Approved Chicken Giblets approx. 600g on special
Coles RSPCA Approved Chicken Giblets
approx. 600g on special
$4.20
save
$0.30
approx. 600g $7.00 per 1Kg
Unit Price
Price is an estimate
Add
600g
for $4.20"	[]
Coles	RSPCA Approved Chicken Tenderloins	$ 9 .90	approx. 600g	$16.50 per 1Kg	"Disclaimer:
Product details, including nutritional information and country of origin, may change from time to time and so the product you receive in your order may not reflect the information on this page. Please check the packaging on any product you purchase and if it's not what you expected, feel free to return it for a full refund.
Details
Servings Per Pack:
3.0
Storage Instructions:
Keep refrigerated. Store at or below 5C
Preparation Instructions:
Handling Instructions: Store, handle and prepare raw poultry separately to cooked foods. Wash hands after handling. Cook thoroughly, ensure juices run clear when pierced in the thickest part.
Code: 2263306P
2 2 6 3 3 0 6 P"	[]
Coles	RSPCA Approved Chicken Breast Stir Fry	$ 12 .60	approx. 700g	$18.00 per 1Kg	"Disclaimer:
Product details, including nutritional information and country of origin, may change from time to time and so the product you receive in your order may not reflect the information on this page. Please check the packaging on any product you purchase and if it's not what you expected, feel free to return it for a full refund.
Details
Servings Per Pack:
2.0
Storage Instructions:
Keep refrigerated. Store at or below 5C
Preparation Instructions:
Handling Instructions: Store, handle and prepare raw poultry separately to cooked foods. Wash hands after handling. Cook thoroughly, ensure juices run clear when pierced in the thickest part.
Code: 2263292P
2 2 6 3 2 9 2 P"	['/wcsstore/Coles-CAS/images/2/2/6/2263292-th.jpg', '/wcsstore/Coles-CAS/images/2/2/6/2263292_L-th.jpg', '/wcsstore/Coles-CAS/images/2/2/6/2263292_R-th.jpg']
Coles	Slow Cooked Pulled Chicken	$ 8 .30	250g	$33.20 per 1Kg	"Nutrition Facts
Serving size: 1 serving = Approx. 2
Qty
Quantity
per serving Qty
Quantity
per 100g / 100ml %
Percentage
daily intake*
Energy 626.75 501.40
Not provided
Energy Cal 149.94 119.95
Not provided
Protein 29.63 23.70
Not provided
Total Fat 2.50 2.00
Not provided
Saturated Fat 0.88 0.70
Not provided
Carbohydrate 1.6 1.3 1
Sugars 0.75 0.60
Not provided
Dietary Fibre Total 0.38 0.30
Not provided
Sodium 493 394 21
*Percentage Daily Intake per serving. Percentage Daily Intakes are based on an average adult diet of 8700 kJ. Your daily intakes may be higher or lower depending on your energy needs.
Disclaimer:
Product details, including nutritional information and country of origin, may change from time to time and so the product you receive in your order may not reflect the information on this page. Please check the packaging on any product you purchase and if it's not what you expected, feel free to return it for a full refund.
Details
Ingredients:
INGREDIENTS: RSPCA Approved Australian Chicken Breast (92%), Celery and Sage Seasoning (3.5%) (Maize Maltodextrin, Rice Flour, Sugar, Yeast Extracts (Yeast Extract, Salt, Sunflower Oil), Onion, Salt, Natural Flavouring (Onion), Sage, Bayleaf, Spice Extracts (Celery, Pepper)), Water, Salt, Seaweed Extract, Tapioca Starch, Bamboo Fibre, Yeast Extract, Flax Seed Fibre, Rosemary Extract, Spice Extracts (Rosemary, Jalapeno), Smoke Flavouring.
Storage Instructions:
Keep refrigerated. Store at or below 5C
Preparation Instructions:
How to Heat:
Remove tray from the cardboard sleeve.
Piece the film several times with a fork.
Place the tray flat on a microwavable plate in the centre of the microwave.
Cook on HIGH for 70 seconds.
Carefully peel back the film and empty the contents into a serving bowl and serve.
Code: 3766415P
3 7 6 6 4 1 5 P
Customers also purchased
Coles Slow Cooked Pulled Beef 250g
Coles Slow Cooked Pulled Beef
250g
$7.80
250g $31.20 per 1Kg
Unit Price
Add
1
for $7.80

Coles Slow Cooked Pulled Pork 250g
Coles Slow Cooked Pulled Pork
250g
$7.80
250g $31.20 per 1Kg
Unit Price
Add
1
for $7.80"	['/wcsstore/Coles-CAS/images/3/7/6/3766415-th.jpg', '/wcsstore/Coles-CAS/images/3/7/6/3766415_B-th.jpg']
Coles	Slow Cooked Pulled Pork	$ 7 .80	250g	$31.20 per 1Kg	"Nutrition Facts
Serving size: 1 serving = Approx. 2
Qty
Quantity
per serving Qty
Quantity
per 100g / 100ml %
Percentage
daily intake*
Energy 690.75 552.60
Not provided
Energy Cal 165 132
Not provided
Protein 27.88 22.30
Not provided
Total Fat 5.00 4.00
Not provided
Saturated Fat 1.88 1.50
Not provided
Carbohydrate 0.88 0.70
Not provided
Sugars 0.50 0.40
Not provided
Dietary Fibre Total 2.13 1.70
Not provided
Sodium 574 459 25
*Percentage Daily Intake per serving. Percentage Daily Intakes are based on an average adult diet of 8700 kJ. Your daily intakes may be higher or lower depending on your energy needs.
Disclaimer:
Product details, including nutritional information and country of origin, may change from time to time and so the product you receive in your order may not reflect the information on this page. Please check the packaging on any product you purchase and if it's not what you expected, feel free to return it for a full refund.
Details
Ingredients:
INGREDIENTS: Sow Stall Free Australian Pork (92%), BBQ Seasoning (3.5%) (Maize Maltodextrin, Rice Flour, Dextrose, Onion, Spices and Spice Extracts (Pepper, Paprika, Cumin), Garlic, Salt, Oregano), Water, Salt, Seaweed Extract, Tapioca Starch, Bamboo Fibre, Yeast Extract, Flax Seed Fibre, Rosemary Extract, Spice Extracts (Rosemary, Jalapeno), Smoke Flavouring.
Storage Instructions:
Keep refrigerated. Store at or below 5C
Preparation Instructions:
How to Heat:
Remove tray from the cardboard sleeve.
Piece the film several times with a fork.
Place the tray flat on a microwavable plate in the centre of the microwave.
Cook on HIGH for 70 seconds.
Carefully peel back the film and empty the contents into a serving bowl and serve.
Code: 3766346P
3 7 6 6 3 4 6 P
Customers also purchased
Coles Slow Cooked Pulled Beef 250g
Coles Slow Cooked Pulled Beef
250g
$7.80
250g $31.20 per 1Kg
Unit Price
Add
1
for $7.80

Coles Slow Cooked Pulled Chicken 250g
Coles Slow Cooked Pulled Chicken
250g
$8.30
250g $33.20 per 1Kg
Unit Price
Add
1
for $8.30"	['/wcsstore/Coles-CAS/images/3/7/6/3766346-th.jpg', '/wcsstore/Coles-CAS/images/3/7/6/3766346_B-th.jpg']
Coles	Slow Cooked Pulled Beef	$ 7 .80	250g	$31.20 per 1Kg	"Nutrition Facts
Serving size: 1 serving = Approx. 2
Qty
Quantity
per serving Qty
Quantity
per 100g / 100ml %
Percentage
daily intake*
Energy 742.88 594.30
Not provided
Energy Cal 177.72 142.18
Not provided
Protein 29.75 23.80
Not provided
Total Fat 5.13 4.10
Not provided
Saturated Fat 2.50 2.00
Not provided
Carbohydrate 1.50 1.20
Not provided
Sugars 1.50 1.20
Not provided
Dietary Fibre Total 2.75 2.20
Not provided
Sodium 503.75 403.00
Not provided
*Percentage Daily Intake per serving. Percentage Daily Intakes are based on an average adult diet of 8700 kJ. Your daily intakes may be higher or lower depending on your energy needs.
Disclaimer:
Product details, including nutritional information and country of origin, may change from time to time and so the product you receive in your order may not reflect the information on this page. Please check the packaging on any product you purchase and if it's not what you expected, feel free to return it for a full refund.
Details
Ingredients:
INGREDIENTS: No Added Hormone Australian Beef (92%), Smokey BBQ Seasoning (3.5%) [Sugar, Tomato Powder (Anti-Caking Agent (551)), Burnt Sugar, Salt, Maize Maltodextrin, Vinegar Powder (Maltodextrin, Vinegar), Corn Starch, Vegetable Gum (415, 412), Acidity Regulator (330), Hickory Smoke Flavouring, Citrus Fibre, Yeast Extract, Flavouring, Colour (Paprika Oleoresins), Pepper], Water, Salt, Seaweed Extract, Tapioca Starch, Bamboo Fibre, Yeast Extract, Flax Seed Fibre, Rosemary Extract, Spice Extracts (Rosemary, Jalapeno), Smoke Flavouring.
Storage Instructions:
Keep refrigerated. Store at or below 5C
Preparation Instructions:
How to Heat:
Remove tray from the cardboard sleeve.
Piece the film several times with a fork.
Place the tray flat on a microwavable plate in the centre of the microwave.
Cook on HIGH for 70 seconds.
Carefully peel back the film and empty the contents into a serving bowl and serve.
Code: 3766437P
3 7 6 6 4 3 7 P
Customers also purchased
Coles Slow Cooked Pulled Pork 250g
Coles Slow Cooked Pulled Pork
250g
$7.80
250g $31.20 per 1Kg
Unit Price
Add
1
for $7.80

Coles Slow Cooked Pulled Chicken 250g
Coles Slow Cooked Pulled Chicken
250g
$8.30
250g $33.20 per 1Kg
Unit Price
Add
1
for $8.30"	['/wcsstore/Coles-CAS/images/3/7/6/3766437-th.jpg', '/wcsstore/Coles-CAS/images/3/7/6/3766437_B-th.jpg']
Coles	RSPCA Approved Garlic And Herb Chicken Schnitzel	$ 4 .50	200g	$22.50 per 1Kg	"Nutrition Facts
Serving size: 1 serving = 100g
Qty
Quantity
per serving Qty
Quantity
per 100g / 100ml %
Percentage
daily intake*
Energy 865kJ 865kJ
Not provided
Protein 15.1g 15.1g
Not provided
Total Fat 11.7g 11.7g
Not provided
Saturated Fat 1.9g 1.9g
Not provided
Carbohydrate 10.1g 10.1g
Not provided
Sugars
Less than
< 1g
Less than
< 1g
Not provided
Sodium 374mg 374mg
Not provided
*Percentage Daily Intake per serving. Percentage Daily Intakes are based on an average adult diet of 8700 kJ. Your daily intakes may be higher or lower depending on your energy needs.
Disclaimer:
Product details, including nutritional information and country of origin, may change from time to time and so the product you receive in your order may not reflect the information on this page. Please check the packaging on any product you purchase and if it's not what you expected, feel free to return it for a full refund.
Details
Ingredients:
RSPCA Approved Australian Chicken (66%), Marinade {Water, Soy, Protein Isolate, Acidity Regulator (326, 262), Thickeners (1442), Maltodextrin, Mineral Salts (450,451,508), Salt}, Breadcrumbs {Maize Flour Rice Flour, Dehydrated Vegetables (Garlic, Potato, Onion), Herbs (Parsley, Rosemary, Thyme, Tarragon), Salt Dextrose (Tapioca, Maize), Canola Oil, Mineral Salts (450, Sodium Carbonates), Yeast Extract}, Batter {Water, Chickpea Flour, Rice Flour, Salt}, Canola Oil
Servings Per Pack:
1.0
Storage Instructions:
Keep Refrigerated
Dimensions:
168 x 230 x 20mm
Usage Instructions:
Servings Per Package: , Serving Size: 100g 1 Schnitzel
Size:
200g
Warning:
All Care has been taken to remove all bones and bone fragments, however, some may remain
Code: 5227070P
5 2 2 7 0 7 0 P"	[]
Coles	Sliced Leg Ham	$ 12 .00	500g	$24.00 per 1Kg	"Nutrition Facts
Serving size: 1 serving = 50g
Qty
Quantity
per serving Qty
Quantity
per 100g / 100ml %
Percentage
daily intake*
Energy 252.40 504.79
Not provided
Energy Cal 60.38 120.76
Not provided
Protein 11.45 22.90
Not provided
Total Fat 0.88 1.75
Not provided
Saturated Fat 0.29 0.58
Not provided
Trans 0.00 0.00
Not provided
Carbohydrate 1.49 2.98
Not provided
Sugars 0.55 1.10
Not provided
Dietary Fibre Total 0.01 0.01
Not provided
Sodium 515.00 1030.00
Not provided
Gluten 0.00 0.00
Not provided
*Percentage Daily Intake per serving. Percentage Daily Intakes are based on an average adult diet of 8700 kJ. Your daily intakes may be higher or lower depending on your energy needs.
Disclaimer:
Product details, including nutritional information and country of origin, may change from time to time and so the product you receive in your order may not reflect the information on this page. Please check the packaging on any product you purchase and if it's not what you expected, feel free to return it for a full refund.
Details
Ingredients:
INGREDIENTS: Sow Stall Free Australian Pork (93%), Acidity Regulators (326, 262), Salt, Sugar, Cure [Mineral Salts (451, 450), Dextrose, Antioxidant (316), Sugar, Preservative (250)].
Allergen:
May Contain MILK, May Contain SOY
Servings Per Pack:
10.0
Storage Instructions:
Keep refrigerated. Store at or below 5C. Once opened, consume within 4 days.
Code: 5242583P
5 2 4 2 5 8 3 P"	[]
Coles	RSPCA Approved Chicken Drumsticks Large Pack	$ 6 .40	approx. 1.6kg	$4.00 per 1Kg	"Disclaimer:
Product details, including nutritional information and country of origin, may change from time to time and so the product you receive in your order may not reflect the information on this page. Please check the packaging on any product you purchase and if it's not what you expected, feel free to return it for a full refund.
Details
Ingredients:
INGREDIENTS: RSPCA Approved Chicken (100%) (Chicken Drumsticks).
Servings Per Pack:
10.0
Storage Instructions:
Keep refrigerated. Store at or below 5C
Preparation Instructions:
Preheat oven to 220C (200C fan forced).
Remove the drumsticks from the packaging, lightly oil and season with your favourite rub or marinade.
Place the drumsticks on a baking tray and cook for 35 to 40 minutes or until fully cooked through and juices run clear. Turn the drumsticks once half way through cooking to allow the skin to crisp up.
Remove from the oven and serve.
Code: 2923835P
2 9 2 3 8 3 5 P"	[]
Coles	RSPCA Approved Chicken Drumsticks With Mediterranean Glaze	$ 5 .60	approx. 800g	$7.00 per 1Kg	"Nutrition Facts
Serving size: 1 serving = 260
Qty
Quantity
per serving Qty
Quantity
per 100g / 100ml %
Percentage
daily intake*
Energy 1499.68 576.80
Not provided
Energy Cal 358.78 137.99
Not provided
Protein 43.94 16.90
Not provided
Total Fat 17.16 6.60
Not provided
Saturated Fat 5.20 2.00
Not provided
Trans 0.23 0.09
Not provided
Carbohydrate 6.50 2.50
Not provided
Sugars 2.86 1.10
Not provided
Dietary Fibre Total 0.91 0.35
Not provided
Sodium 988.00 380.00
Not provided
*Percentage Daily Intake per serving. Percentage Daily Intakes are based on an average adult diet of 8700 kJ. Your daily intakes may be higher or lower depending on your energy needs.
Disclaimer:
Product details, including nutritional information and country of origin, may change from time to time and so the product you receive in your order may not reflect the information on this page. Please check the packaging on any product you purchase and if it's not what you expected, feel free to return it for a full refund.
Details
Ingredients:
INGREDIENTS: RSPCA Approved Australian Chicken Drumsticks (95%), Mediterranean Style Rub (5%) [Maltodextrin, Tomato Powder, Salt, Sugar, Dehydrated Vegetables (Onion, Garlic), Herbs & Spices (Basil, Parsley, Oregano, Pepper), Vegetable Powder (Onion), Acidity Regulator (330), Vegetable Gums (415, 412), Natural Colour (Paprika Oleoresins), Natural Flavouring, Anticaking Agent (551)].
Allergen:
May Contain MILK, May Contain SOY, May Contain Wheat, May Contain Gluten
Servings Per Pack:
2.0
Storage Instructions:
Keep refrigerated. Store at or below 5C
Preparation Instructions:
HOW TO COOK:
Preheat oven to 200C (180C fan forced).
Remove drumsticks from the packaging and place on a lined baking tray.
Cook for 30 to 35 minutes, until the skin is golden brown, and the juices run clear when pierced.
Remove from the oven and rest for 5 minutes before serving.
Code: 5088440P
5 0 8 8 4 4 0 P
Customers also purchased
Coles RSPCA Approved Chicken Drumsticks Large Pack approx. 1.6kg
Coles RSPCA Approved Chicken Drumsticks Large Pack
approx. 1.6kg
$6.40
Until 11 Apr 2023
Was $8.00 Feb 2023
approx. 1.6kg $4.00 per 1Kg
Unit Price
Price is an estimate
Add
1.6kg
for $6.40"	['/wcsstore/Coles-CAS/images/5/0/8/5088440-th.jpg', '/wcsstore/Coles-CAS/images/5/0/8/5088440_B-th.jpg']
Slow Hills	Free Range RSPCA Approved Chicken Thigh Cutlets	$ 13 .65	approx. 650g	$21.00 per 1Kg	"Disclaimer:
Product details, including nutritional information and country of origin, may change from time to time and so the product you receive in your order may not reflect the information on this page. Please check the packaging on any product you purchase and if it's not what you expected, feel free to return it for a full refund.
Details
Storage Instructions:
Keep refrigerated. Store at or below 5C, Keep refrigerated. Store at or below 5CrnTo freeze, do so on day of purchase and use within 1 month. Allow to fully thaw in the refrigerator prior to cooking and keep refrigerated until use. Use within 1 days of thawing. Once thawed do not refreeze.
Preparation Instructions:
Oven:rnHANDLING INSTRUCTIONSStore, handle and prepare raw poultry separately to cooked foods.Wash hands thoroughly after handling raw poultry.HOW TO COOK1. Preheat oven to 180C fan forced (200C conventional).Preheat fry pan to medium heat.2. Remove all packaging and moisture pads.3. Brush chicken with oil and season with coarse salt and black pepper.4. Place cutlets skin side down in the pan and fry for 4 minutes,turn and continue to fry for an additional 2 minutes.5. Remove from fry pan and place onto a lined baking tray.6. Cook in the oven for 30 to 35 minutes, until the skin is golden brownand the juices run clear when pierced.7. Once cooked, lightly cover with foil and allow to rest in a warm,dry place for 5 minutes before serving.rnrn
Code: 4261390P
4 2 6 1 3 9 0 P
Customers also purchased
Slow Hills Free Range RSPCA Approved Whole Chicken approx 1.6kg
Slow Hills Free Range RSPCA Approved Whole Chicken
approx 1.6kg
$17.60
approx 1.6kg $11.00 per 1Kg
Unit Price
Price is an estimate
Add
1
for $17.60

Slow Hills RSPCA Approved Free Range Chicken Breast Fillets Large pack approx. 1.15kg
Slow Hills RSPCA Approved Free Range Chicken Breast Fillets Large pack
approx. 1.15kg
$25.88
approx. 1.15kg $22.50 per 1Kg
Unit Price
Price is an estimate
Add
1.15kg
for $25.88

Slow Hills Free Range RSPCA Approved Chicken Drumsticks approx. 500g on special
Slow Hills Free Range RSPCA Approved Chicken Drumsticks
approx. 500g on special
$6.25
save
$1.00
approx. 500g $12.50 per 1Kg
Unit Price
Price is an estimate
Add
500g
for $6.25"	[]
Slow Hills	Free Range RSPCA Approved Chicken Drumsticks	$ 6 .25	approx. 500g	$12.50 per 1Kg	"Disclaimer:
Product details, including nutritional information and country of origin, may change from time to time and so the product you receive in your order may not reflect the information on this page. Please check the packaging on any product you purchase and if it's not what you expected, feel free to return it for a full refund.
Details
Storage Instructions:
Keep refrigerated. Store at or below 5C, Keep refrigerated. Store at or below 5CrnTo freeze, do so on day of purchase and use within 1 month. Allow to fully thaw in the refrigerator prior to cooking and keep refrigerated until use. Use within 1 days of thawing. Once thawed do not refreeze.
Preparation Instructions:
HANDLING INSTRUCTIONS Store, handle and prepare raw poultry separately to cooked foods. Wash hands thoroughly after handling raw poultry. HOW TO COOK1. Preheat oven to 180C fan forced (200C conventional). Preheat fry pan to medium heat. 2. Remove all packaging and moisture pads. 3. Brush chicken with oil and season with coarse salt and black pepper. 4. Place drumsticks in the pan and fry for 4 minutes, turn and continue to fry for an additional 2 minutes. 5. Remove from fry pan and place onto a lined baking tray.6. Cook in the oven for 20 to 25 minutes, until the skin is golden brown and the juices run clear when pierced. 7. Once cooked, lightly cover with foil and allow to rest in a warm, dry place for 5 minutes before serving.
Code: 4261425P
4 2 6 1 4 2 5 P
Customers also purchased
Slow Hills Free Range RSPCA Approved Whole Chicken approx 1.6kg
Slow Hills Free Range RSPCA Approved Whole Chicken
approx 1.6kg
$17.60
approx 1.6kg $11.00 per 1Kg
Unit Price
Price is an estimate
Add
1
for $17.60

Slow Hills RSPCA Approved Free Range Chicken Breast Fillets Large pack approx. 1.15kg
Slow Hills RSPCA Approved Free Range Chicken Breast Fillets Large pack
approx. 1.15kg
$25.88
approx. 1.15kg $22.50 per 1Kg
Unit Price
Price is an estimate
Add
1.15kg
for $25.88

Slow Hills Free Range RSPCA Approved Chicken Thigh Cutlets approx. 650g on special
Slow Hills Free Range RSPCA Approved Chicken Thigh Cutlets
approx. 650g on special
$13.65
save
$1.63
approx. 650g $21.00 per 1Kg
Unit Price
Price is an estimate
Add
650g
for $13.65"	[]
Coles	RSPCA Approved Free Range Chicken Breast Large Pack	$ 16 .25	approx. 1.25kg	$13.00 per 1Kg	"Disclaimer:
Product details, including nutritional information and country of origin, may change from time to time and so the product you receive in your order may not reflect the information on this page. Please check the packaging on any product you purchase and if it's not what you expected, feel free to return it for a full refund.
Details
Ingredients:
Chicken Breast.
Storage Instructions:
Keep refrigerated. Store at or below 5C
Preparation Instructions:
Preheat oven to 220C (200C fan forced).
Remove the chicken breasts from the packaging, lightly drizzle with olive oil and season with salt, a sprig of thyme, a few garlic cloves and the juice of 1 orange, or your favourite rub or marinade.
Place on a baking tray and cook for 30 to 35 minutes or until fully cooked through and juices run clear. Turn once half way through cooking.
Remove from the oven, lightly cover with foil and allow to rest for 5 minutes before serving.
Code: 3227410P
3 2 2 7 4 1 0 P
Customers also purchased
Coles RSPCA Approved Free Range Chicken Wing Nibbles approx. 600g
Coles RSPCA Approved Free Range Chicken Wing Nibbles
approx. 600g
$5.40
approx. 600g $9.00 per 1Kg
Unit Price
Price is an estimate
Add
600g
for $5.40

Coles RSPCA Approved Free Range Chicken Tenderloins approx. 600g
Coles RSPCA Approved Free Range Chicken Tenderloins
approx. 600g
$12.00
approx. 600g $20.00 per 1Kg
Unit Price
Price is an estimate
Add
600g
for $12.00

Lilydale Chicken Breast Schnitzel With Cauliflower & Herb Crumb 400g on special
Lilydale Chicken Breast Schnitzel With Cauliflower & Herb Crumb
400g on special
$10.00
save
$1.50
400g $25.00 per 1Kg
Unit Price
Add
1
for $10.00"	['/wcsstore/Coles-CAS/images/3/2/2/3227410-th.jpg', '/wcsstore/Coles-CAS/images/3/2/2/3227410_L-th.jpg', '/wcsstore/Coles-CAS/images/3/2/2/3227410_R-th.jpg']
Coles	RSPCA Approved Free Range Chicken Tenderloins	$ 12 .00	approx. 600g	$20.00 per 1Kg	"Disclaimer:
Product details, including nutritional information and country of origin, may change from time to time and so the product you receive in your order may not reflect the information on this page. Please check the packaging on any product you purchase and if it's not what you expected, feel free to return it for a full refund.
Details
Storage Instructions:
Keep refrigerated. Store at or below 5C
Code: 3228785P
3 2 2 8 7 8 5 P
Customers also purchased
Coles RSPCA Approved Free Range Chicken Wing Nibbles approx. 600g
Coles RSPCA Approved Free Range Chicken Wing Nibbles
approx. 600g
$5.40
approx. 600g $9.00 per 1Kg
Unit Price
Price is an estimate
Add
600g
for $5.40

Coles RSPCA Approved Free Range Chicken Thigh Large Pack approx. 1.25kg
Coles RSPCA Approved Free Range Chicken Thigh Large Pack
approx. 1.25kg
$20.63
approx. 1.25kg $16.50 per 1Kg
Unit Price
Price is an estimate
Add
1.25kg
for $20.63

Coles RSPCA Approved Free Range Chicken Breast Large Pack approx. 1.25kg
Coles RSPCA Approved Free Range Chicken Breast Large Pack
approx. 1.25kg
$16.25
Until 11 Apr 2023
Was $18.75 Oct 2022
approx. 1.25kg $13.00 per 1Kg
Unit Price
Price is an estimate
Add
1.25kg
for $16.25

Lilydale Chicken Breast Schnitzel With Cauliflower & Herb Crumb 400g on special
Lilydale Chicken Breast Schnitzel With Cauliflower & Herb Crumb
400g on special
$10.00
save
$1.50
400g $25.00 per 1Kg
Unit Price
Add
1
for $10.00"	[]
Coles	RSPCA Approved Free Range Chicken Wing Nibbles	$ 5 .40	approx. 600g	$9.00 per 1Kg	"Disclaimer:
Product details, including nutritional information and country of origin, may change from time to time and so the product you receive in your order may not reflect the information on this page. Please check the packaging on any product you purchase and if it's not what you expected, feel free to return it for a full refund.
Details
Storage Instructions:
Keep refrigerated. Store at or below 5C
Preparation Instructions:
Preheat oven to 220C (200C fan forced).
Remove the wing nibbles from the packaging, lightly oil and season with salt, smoked paprika, dried oregano, garlic and pinch of sugar, or your favourite rub or marinade.
Place on a baking tray and cook for 25 to 30 minutes or until fully cooked through and the juices run clear. Turn the wing nibbles once half way through cooking to allow the skin to crisp up.
Remove from the oven and serve with fresh mint and limes.
Code: 3228832P
3 2 2 8 8 3 2 P
Customers also purchased
Coles RSPCA Approved Free Range Chicken Whole approx. 1.6kg
Coles RSPCA Approved Free Range Chicken Whole
approx. 1.6kg
$10.40
Was $17.92 Aug 2022
approx. 1.6kg $6.50 per 1Kg
Unit Price
Price is an estimate
Add
1.6kg
for $10.40

Coles Free Range RSPCA Approved Chicken Drumsticks approx. 1.4kg
Coles Free Range RSPCA Approved Chicken Drumsticks
approx. 1.4kg
$8.40
approx. 1.4kg $6.00 per 1Kg
Unit Price
Price is an estimate
Add
1.4kg
for $8.40

Coles RSPCA Approved Free Range Chicken Thigh Large Pack approx. 1.25kg
Coles RSPCA Approved Free Range Chicken Thigh Large Pack
approx. 1.25kg
$20.63
approx. 1.25kg $16.50 per 1Kg
Unit Price
Price is an estimate
Add
1.25kg
for $20.63

Coles RSPCA Approved Free Range Chicken Tenderloins approx. 600g
Coles RSPCA Approved Free Range Chicken Tenderloins
approx. 600g
$12.00
approx. 600g $20.00 per 1Kg
Unit Price
Price is an estimate
Add
600g
for $12.00"	[]
Lilydale	Free Range Chicken Breast Fillets Bulk Pack	$ 16 .50	approx. 1kg	$16.50 per 1Kg	"Disclaimer:
Product details, including nutritional information and country of origin, may change from time to time and so the product you receive in your order may not reflect the information on this page. Please check the packaging on any product you purchase and if it's not what you expected, feel free to return it for a full refund.
Details
Storage Instructions:
Keep refrigerated. Store at or below 4C.
Size:
Variable
Code: 2303750P
2 3 0 3 7 5 0 P
Customers also purchased
Lilydale Free Range Chicken Thigh Fillets Bulk Pack approx. 900g
Lilydale Free Range Chicken Thigh Fillets Bulk Pack
approx. 900g
$18.00
approx. 900g $20.00 per 1Kg
Unit Price
Price is an estimate
Add
900g
for $18.00

Lilydale Free Range Chicken Drumsticks Bulk Pack approx. 1kg on special
Lilydale Free Range Chicken Drumsticks Bulk Pack
approx. 1kg on special
$5.50
save
$2.00
approx. 1kg $5.50 per 1Kg
Unit Price
Price is an estimate
Add
1
for $5.50

Lilydale Chicken Breast Schnitzels 400g on special
Lilydale Chicken Breast Schnitzels
400g on special
$10.50
save
$2.00
400g $26.25 per 1Kg
Unit Price
Add
1
for $10.50

Lilydale Free Range Chicken Breast Strips Crumbed 400g
Lilydale Free Range Chicken Breast Strips Crumbed
400g
$11.50
400g $28.75 per 1Kg
Unit Price
Add
1
for $11.50"	['/wcsstore/Coles-CAS/images/2/3/0/2303750-th.jpg', '/wcsstore/Coles-CAS/images/2/3/0/2303750_B-th.jpg']
Lilydale	Free Range Chicken Breast Fillets Small Pack	$ 11 .70	approx. 600g	$19.50 per 1Kg	"Disclaimer:
Product details, including nutritional information and country of origin, may change from time to time and so the product you receive in your order may not reflect the information on this page. Please check the packaging on any product you purchase and if it's not what you expected, feel free to return it for a full refund.
Details
Storage Instructions:
Keep refrigerated. Store at or below 4C.
Size:
Variable
Code: 8227768P
8 2 2 7 7 6 8 P
Customers also purchased
Lilydale Free Range Chicken Thigh Fillets Small Pack approx. 545g
Lilydale Free Range Chicken Thigh Fillets Small Pack
approx. 545g
$11.45
approx. 545g $21.00 per 1Kg
Unit Price
Price is an estimate
Add
1
for $11.45"	['/wcsstore/Coles-CAS/images/8/2/2/8227768-th.jpg', '/wcsstore/Coles-CAS/images/8/2/2/8227768_B-th.jpg']
Lilydale	Free Range Chicken Tenderloins	$ 13 .00	500g	$26.00 per 1Kg	"Disclaimer:
Product details, including nutritional information and country of origin, may change from time to time and so the product you receive in your order may not reflect the information on this page. Please check the packaging on any product you purchase and if it's not what you expected, feel free to return it for a full refund.
Details
Storage Instructions:
Keep refrigerated. Store at or below 4C.
Size:
Variable
Code: 1833384P
1 8 3 3 3 8 4 P
Customers also purchased
Lilydale Free Range Chicken Mince 500g
Lilydale Free Range Chicken Mince
500g
$10.50
500g $21.00 per 1Kg
Unit Price
Add
1
for $10.50

Lilydale Free Range Whole Chicken approx. 1.27kg on special
Lilydale Free Range Whole Chicken
approx. 1.27kg on special
$9.53
save
$1.90
approx. 1.27kg $7.50 per 1Kg
Unit Price
Price is an estimate
Add
1
for $9.53

Lilydale Free Range Chicken Stir Fry 500g on special
Lilydale Free Range Chicken Stir Fry
500g on special
$9.50
save
$3.00
500g $19.00 per 1Kg
Unit Price
Add
1
for $9.50"	['/wcsstore/Coles-CAS/images/1/8/3/1833384-th.jpg', '/wcsstore/Coles-CAS/images/1/8/3/1833384_B-th.jpg']
Lilydale	Free Range Chicken Thigh Fillets Bulk Pack	$ 18 .00	approx. 900g	$20.00 per 1Kg	"Disclaimer:
Product details, including nutritional information and country of origin, may change from time to time and so the product you receive in your order may not reflect the information on this page. Please check the packaging on any product you purchase and if it's not what you expected, feel free to return it for a full refund.
Details
Storage Instructions:
Keep refrigerated. Store at or below 4C.
Size:
Variable
Code: 2303772P
2 3 0 3 7 7 2 P
Customers also purchased
Lilydale Free Range Chicken Drumsticks Bulk Pack approx. 1kg on special
Lilydale Free Range Chicken Drumsticks Bulk Pack
approx. 1kg on special
$5.50
save
$2.00
approx. 1kg $5.50 per 1Kg
Unit Price
Price is an estimate
Add
1
for $5.50

Lilydale Free Range Chicken Breast Fillets Bulk Pack approx. 1kg
Lilydale Free Range Chicken Breast Fillets Bulk Pack
approx. 1kg
$16.50
approx. 1kg $16.50 per 1Kg
Unit Price
Price is an estimate
Add
1
for $16.50

Lilydale Chicken Breast Schnitzels 400g on special
Lilydale Chicken Breast Schnitzels
400g on special
$10.50
save
$2.00
400g $26.25 per 1Kg
Unit Price
Add
1
for $10.50

Lilydale Free Range Chicken Breast Strips Crumbed 400g
Lilydale Free Range Chicken Breast Strips Crumbed
400g
$11.50
400g $28.75 per 1Kg
Unit Price
Add
1
for $11.50"	['/wcsstore/Coles-CAS/images/2/3/0/2303772-th.jpg', '/wcsstore/Coles-CAS/images/2/3/0/2303772_B-th.jpg']
Lilydale	Chicken Breast Schnitzels	$ 10 .50	400g	$26.25 per 1Kg	"Nutrition Facts
Serving size: 1 serving = 100g
Qty
Quantity
per serving Qty
Quantity
per 100g / 100ml %
Percentage
daily intake*
Energy 795kJ 795kJ 9%
Protein 16.2g 16.2g 32%
Total Fat 9.9g 9.9g 14%
Saturated Fat 1.1g 1.1g 5%
Carbohydrate 8.7g 8.7g 3%
Sugars 2.3g 2.3g 3%
Dietary Fibre Total
Less than
< 1g
Less than
< 1g 2%
Sodium 715mg 715mg 31%
*Percentage Daily Intake per serving. Percentage Daily Intakes are based on an average adult diet of 8700 kJ. Your daily intakes may be higher or lower depending on your energy needs.
Disclaimer:
Product details, including nutritional information and country of origin, may change from time to time and so the product you receive in your order may not reflect the information on this page. Please check the packaging on any product you purchase and if it's not what you expected, feel free to return it for a full refund.
Details
Ingredients:
Free Range Chicken Breast (66%), Homestyle Crumb (13%) [Breadcrumb (Wheat Flour, Water, Yeast, Salt, Dextrose, Vegetable Oil), Dehydrated Vegetables (Garlic, Onion, Parsley), Salt, Sugar, Herbs (Parsley (0.5%), Basil (0.4%), Oregano (0.1%), Marjoram, Thyme), Cheese Powder (Milk), Vegetable Powder (Tomato), Natural Flavourings (Milk), Vegetable Oil (Canola), Spices (Pepper, Paprika), Spice Extract (160c)], Water, Vegetable Oils (Canola, Cottonseed), Wheat Flour, Thickeners (1404, 1442), Salt, Mineral Salts (450, 500, 451, 452), Vegetable Gums (412, 415), Wheat Gluten, Wheat Starch, Sugar, Maltodextrin.
Contains:
Wheat, Milk and Gluten.
Allergen:
May Be Present Soy, Contains Gluten, Contains Wheat, Contains Milk
Dietary:
No Preservatives, No Artificial Flavours or Colours
Servings Per Pack:
4.0
Storage Instructions:
Keep refrigerated. Store at or below 4C. Thawed product do not refreeze.
Usage Instructions:
Cooking Instructions Oven 1 Preheat fan forced oven to 180C. 2 Line an oven tray with grease proof paper. Remove schnitzels from packaging and place onto oven tray. 3 Place tray into oven and cook for 12 minutes, turning once. Due to variation of appliance types and brands use as a guide only. This is a raw, formed product and must be fully cooked before consumption.
Size:
400g
Warning:
Though great care has been taken to remove bones from this product, some may remain.
Code: 2829699P
2 8 2 9 6 9 9 P
Customers also purchased
Lilydale Free Range Chicken Thigh Fillets Bulk Pack approx. 900g
Lilydale Free Range Chicken Thigh Fillets Bulk Pack
approx. 900g
$18.00
approx. 900g $20.00 per 1Kg
Unit Price
Price is an estimate
Add
900g
for $18.00

Lilydale Free Range Chicken Drumsticks Bulk Pack approx. 1kg on special
Lilydale Free Range Chicken Drumsticks Bulk Pack
approx. 1kg on special
$5.50
save
$2.00
approx. 1kg $5.50 per 1Kg
Unit Price
Price is an estimate
Add
1
for $5.50

Lilydale Free Range Chicken Breast Fillets Bulk Pack approx. 1kg
Lilydale Free Range Chicken Breast Fillets Bulk Pack
approx. 1kg
$16.50
approx. 1kg $16.50 per 1Kg
Unit Price
Price is an estimate
Add
1
for $16.50

Lilydale Free Range Chicken Breast Strips Crumbed 400g
Lilydale Free Range Chicken Breast Strips Crumbed
400g
$11.50
400g $28.75 per 1Kg
Unit Price
Add
1
for $11.50"	[]
Coles	RSPCA Approved Free Range Chicken Whole	$ 10 .40	approx. 1.6kg	$6.50 per 1Kg	"Disclaimer:
Product details, including nutritional information and country of origin, may change from time to time and so the product you receive in your order may not reflect the information on this page. Please check the packaging on any product you purchase and if it's not what you expected, feel free to return it for a full refund.
Details
Ingredients:
INGREDIENTS: Free Range RSPCA Approved Chicken.
Storage Instructions:
Keep refrigerated. Store at or below 5CrnTo freeze, do so on day of purchase and use within 1 months. Allow to fully thaw in the refrigerator prior to cooking and keep refrigerated until use. Use within 1 days of thawing. Once thawed do not refreeze., Keep refrigerated. Store at or below 5C
Preparation Instructions:
HOW TO COOK:
Preheat oven to 220C (200C fan forced)
Remove all packaging and moisture pads on underside of the chicken.
Season the chicken generously with coarse salt, black pepper and vegetable oil.
Place chicken on a lined roasting tray in the centre of the oven and cook for 20 minutes.
Reduce the oven temperature to 180C (160C fan forced) and cook for 20 minutes per 500g.
Once cooked, lightly cover with foil and allow to rest in a warm, dry place for 15 minutes. Remove foil before carving. If using stuffing, add a further 6 minutes of cooking per 100g of stuffing. Note: Cooking temperatures and times are provided as a guide. Ovens will vary between brands. Handling Instructions: Store, handle and prepare raw poultry separately to cooked foods. Wash hands thoroughly after handling raw poultry.
Code: 3228810P
3 2 2 8 8 1 0 P
Customers also purchased
Coles Free Range RSPCA Approved Chicken Drumsticks approx. 1.4kg
Coles Free Range RSPCA Approved Chicken Drumsticks
approx. 1.4kg
$8.40
approx. 1.4kg $6.00 per 1Kg
Unit Price
Price is an estimate
Add
1.4kg
for $8.40

Coles RSPCA Approved Free Range Chicken Wing Nibbles approx. 600g
Coles RSPCA Approved Free Range Chicken Wing Nibbles
approx. 600g
$5.40
approx. 600g $9.00 per 1Kg
Unit Price
Price is an estimate
Add
600g
for $5.40

Coles RSPCA Approved Free Range Chicken Thigh Large Pack approx. 1.25kg
Coles RSPCA Approved Free Range Chicken Thigh Large Pack
approx. 1.25kg
$20.63
approx. 1.25kg $16.50 per 1Kg
Unit Price
Price is an estimate
Add
1.25kg
for $20.63

Coles RSPCA Approved Free Range Chicken Lovely Legs approx. 600g
Coles RSPCA Approved Free Range Chicken Lovely Legs
approx. 600g
$6.30
approx. 600g $10.50 per 1Kg
Unit Price
Price is an estimate
Add
600g
for $6.30"	[]
Coles	RSPCA Approved Free Range Chicken Breast Fillet Small Pack	$ 10 .20	approx. 600g	$17.00 per 1Kg	"Disclaimer:
Product details, including nutritional information and country of origin, may change from time to time and so the product you receive in your order may not reflect the information on this page. Please check the packaging on any product you purchase and if it's not what you expected, feel free to return it for a full refund.
Details
Storage Instructions:
Keep refrigerated. Store at or below 5C
Preparation Instructions:
Preheat oven to 220C (200C fan forced).
Remove the chicken breasts from the packaging, lightly drizzle with olive oil and season with salt, a sprig of thyme, a few garlic cloves and the juice of 1 orange, or your favourite rub or marinade.
Place on a baking tray and cook for 30 to 35 minutes or until fully cooked through and juices run clear. Turn once half way through cooking.
Remove from the oven, lightly cover with foil and allow to rest for 5 minutes before serving.
Code: 3228730P
3 2 2 8 7 3 0 P
Customers also purchased
Lilydale Free Range Chicken Mince 500g
Lilydale Free Range Chicken Mince
500g
$10.50
500g $21.00 per 1Kg
Unit Price
Add
1
for $10.50

Coles RSPCA Approved Free Range Chicken Whole approx. 1.6kg
Coles RSPCA Approved Free Range Chicken Whole
approx. 1.6kg
$10.40
Was $17.92 Aug 2022
approx. 1.6kg $6.50 per 1Kg
Unit Price
Price is an estimate
Add
1.6kg
for $10.40

Coles RSPCA Approved Free Range Chicken Wing Nibbles approx. 600g
Coles RSPCA Approved Free Range Chicken Wing Nibbles
approx. 600g
$5.40
approx. 600g $9.00 per 1Kg
Unit Price
Price is an estimate
Add
600g
for $5.40"	[]
Coles	RSPCA Approved Free Range Chicken Thigh Large Pack	$ 20 .63	approx. 1.25kg	$16.50 per 1Kg	"Disclaimer:
Product details, including nutritional information and country of origin, may change from time to time and so the product you receive in your order may not reflect the information on this page. Please check the packaging on any product you purchase and if it's not what you expected, feel free to return it for a full refund.
Details
Storage Instructions:
Keep refrigerated. Store at or below 5C
Preparation Instructions:
Remove the thigh fillets from the packaging and marinate in a blend of soy sauce, ginger, garlic and fresh chilli, or your favourite marinade.
Heat a pan to medium heat and lightly oil.
Place the thigh fillets in the pan and cook for 15 to 20 minutes, turning regularly until golden brown and the juices run clear when pierced.
Remove from the pan, lightly cover with foil and allow to rest for 5 minutes before serving.
Code: 3228800P
3 2 2 8 8 0 0 P
Customers also purchased
Coles RSPCA Approved Free Range Chicken Whole approx. 1.6kg
Coles RSPCA Approved Free Range Chicken Whole
approx. 1.6kg
$10.40
Was $17.92 Aug 2022
approx. 1.6kg $6.50 per 1Kg
Unit Price
Price is an estimate
Add
1.6kg
for $10.40

Coles Free Range RSPCA Approved Chicken Drumsticks approx. 1.4kg
Coles Free Range RSPCA Approved Chicken Drumsticks
approx. 1.4kg
$8.40
approx. 1.4kg $6.00 per 1Kg
Unit Price
Price is an estimate
Add
1.4kg
for $8.40

Coles RSPCA Approved Free Range Chicken Wing Nibbles approx. 600g
Coles RSPCA Approved Free Range Chicken Wing Nibbles
approx. 600g
$5.40
approx. 600g $9.00 per 1Kg
Unit Price
Price is an estimate
Add
600g
for $5.40

Coles RSPCA Approved Free Range Chicken Tenderloins approx. 600g
Coles RSPCA Approved Free Range Chicken Tenderloins
approx. 600g
$12.00
approx. 600g $20.00 per 1Kg
Unit Price
Price is an estimate
Add
600g
for $12.00"	[]
Lilydale	Free Range Chicken Mince	$ 10 .50	500g	$21.00 per 1Kg	"Disclaimer:
Product details, including nutritional information and country of origin, may change from time to time and so the product you receive in your order may not reflect the information on this page. Please check the packaging on any product you purchase and if it's not what you expected, feel free to return it for a full refund.
Details
Storage Instructions:
Keep refrigerated. Store at or below 4C.
Size:
Variable
Code: 7585263P
7 5 8 5 2 6 3 P
Customers also purchased
Lilydale Free Range Whole Chicken approx. 1.27kg on special
Lilydale Free Range Whole Chicken
approx. 1.27kg on special
$9.53
save
$1.90
approx. 1.27kg $7.50 per 1Kg
Unit Price
Price is an estimate
Add
1
for $9.53

Lilydale Free Range Chicken Stir Fry 500g on special
Lilydale Free Range Chicken Stir Fry
500g on special
$9.50
save
$3.00
500g $19.00 per 1Kg
Unit Price
Add
1
for $9.50

Lilydale Free Range Chicken Tenderloins 500g
Lilydale Free Range Chicken Tenderloins
500g
$13.00
500g $26.00 per 1Kg
Unit Price
Add
1
for $13.00

Lilydale Free Range Chicken Stir Fry Large Pack approx. 1.2kg
Lilydale Free Range Chicken Stir Fry Large Pack
approx. 1.2kg
$21.00
approx. 1.2kg $17.50 per 1Kg
Unit Price
Price is an estimate
Add
1.2kg
for $21.00"	[]
Lilydale	Chicken Breast Schnitzel With Cauliflower & Herb Crumb	$ 10 .00	400g	$25.00 per 1Kg	"Nutrition Facts
Serving size: 1 serving = 100g
Qty
Quantity
per serving Qty
Quantity
per 100g / 100ml %
Percentage
daily intake*
Energy 792kJ 792kJ 9%
Protein 16.4g 16.4g 33%
Total Fat 8.9g 8.9g 13%
Saturated Fat 1.0g 1.0g 4%
Carbohydrate 10.7g 10.7g 3%
Sugars 2.7g 2.7g 3%
Dietary Fibre Total 0.4g 0.4g 1%
Sodium 523mg 523mg 23%
*Percentage Daily Intake per serving. Percentage Daily Intakes are based on an average adult diet of 8700 kJ. Your daily intakes may be higher or lower depending on your energy needs.
Disclaimer:
Product details, including nutritional information and country of origin, may change from time to time and so the product you receive in your order may not reflect the information on this page. Please check the packaging on any product you purchase and if it's not what you expected, feel free to return it for a full refund.
Details
Ingredients:
Free Range Chicken Breast (65%), Cauliflower Coating (24%) [Wheat Flour, Breadcrumb (Wheat Flour, Yeast, Salt, Dextrose, Vegetable Oil), Cauliflower Powder (Minimum 5%) (Anti-Caking Agent (551)), Rice Flour, Salt, Herbs (Thyme, Oregano, Parsley), Mineral Salts (450, 500), Spices (Pepper, Nutmeg), Yeast Extract, Spice Extracts (160c, 100), Water, Maize Flour (Wheat), Thickener (1422), Wheat Gluten, Wheat Starch, Vegetable, Oil], Water, Vegetable Oil, Thickener (1442), Mineral Salts (451, 450, 452).
Contains:
Wheat (Gluten)
Allergen:
May Be Present Milk, Contains Gluten, Contains Wheat
Dietary:
No Preservatives, No Artificial Flavours or Colours
Servings Per Pack:
4.0
Storage Instructions:
Keep refrigerated. Store at or below 4C. Thawed product do not refreeze.
Size:
400g
Warning:
Though great care has been taken to remove bones from this product, some may remain.
Preparation Instructions:
Cooking Instructions Oven
Preheat fan forced oven to 180C.
Line an oven tray with grease proof paper. Remove schnitzels from packaging and place onto an oven tray.
Place tray into oven and cook for 12-14 minutes, turning once. Due to variation of appliance types and brands use as a guide only. This is a raw product and must be fully cooked before consumption.
Code: 4261312P
4 2 6 1 3 1 2 P
Customers also purchased
Coles RSPCA Approved Free Range Chicken Tenderloins approx. 600g
Coles RSPCA Approved Free Range Chicken Tenderloins
approx. 600g
$12.00
approx. 600g $20.00 per 1Kg
Unit Price
Price is an estimate
Add
600g
for $12.00

Coles RSPCA Approved Free Range Chicken Breast Large Pack approx. 1.25kg
Coles RSPCA Approved Free Range Chicken Breast Large Pack
approx. 1.25kg
$16.25
Until 11 Apr 2023
Was $18.75 Oct 2022
approx. 1.25kg $13.00 per 1Kg
Unit Price
Price is an estimate
Add
1.25kg
for $16.25

Lilydale Free Range Chicken Stir Fry Large Pack approx. 1.2kg
Lilydale Free Range Chicken Stir Fry Large Pack
approx. 1.2kg
$21.00
approx. 1.2kg $17.50 per 1Kg
Unit Price
Price is an estimate
Add
1.2kg
for $21.00"	['/wcsstore/Coles-CAS/images/4/2/6/4261312-th.jpg', '/wcsstore/Coles-CAS/images/4/2/6/4261312_B-th.jpg']
Lilydale	Free Range Chicken Stir Fry	$ 9 .50	500g	$19.00 per 1Kg	"Disclaimer:
Product details, including nutritional information and country of origin, may change from time to time and so the product you receive in your order may not reflect the information on this page. Please check the packaging on any product you purchase and if it's not what you expected, feel free to return it for a full refund.
Details
Storage Instructions:
Keep refrigerated. Store at or below 4C.
Size:
Variable
Code: 1833373P
1 8 3 3 3 7 3 P
Customers also purchased
Lilydale Free Range Chicken Mince 500g
Lilydale Free Range Chicken Mince
500g
$10.50
500g $21.00 per 1Kg
Unit Price
Add
1
for $10.50

Lilydale Free Range Whole Chicken approx. 1.27kg on special
Lilydale Free Range Whole Chicken
approx. 1.27kg on special
$9.53
save
$1.90
approx. 1.27kg $7.50 per 1Kg
Unit Price
Price is an estimate
Add
1
for $9.53

Lilydale Free Range Chicken Tenderloins 500g
Lilydale Free Range Chicken Tenderloins
500g
$13.00
500g $26.00 per 1Kg
Unit Price
Add
1
for $13.00

Lilydale Free Range Chicken Stir Fry Large Pack approx. 1.2kg
Lilydale Free Range Chicken Stir Fry Large Pack
approx. 1.2kg
$21.00
approx. 1.2kg $17.50 per 1Kg
Unit Price
Price is an estimate
Add
1.2kg
for $21.00"	['/wcsstore/Coles-CAS/images/1/8/3/1833373-th.jpg', '/wcsstore/Coles-CAS/images/1/8/3/1833373_B-th.jpg']
Lilydale	Free Range Whole Chicken	$ 9 .53	approx. 1.27kg	$7.50 per 1Kg	"Disclaimer:
Product details, including nutritional information and country of origin, may change from time to time and so the product you receive in your order may not reflect the information on this page. Please check the packaging on any product you purchase and if it's not what you expected, feel free to return it for a full refund.
Details
Ingredients:
Free Range Chicken
Storage Instructions:
Keep refrigerated. Store at or below 4C.
Usage Instructions:
Cooking Instructions Oven 1 Preheat oven to 200C conventional or 180C fan forced. 2 Remove all packaging from chicken. 3 Place chicken onto a lined baking tray and cover with lightly oiled foil. 4 Cook for 25-30 minutes per 500g, or until internal temperature reaches 75C and juices run clear. Remove foil for the last 15 minutes of cooking. Due to variation of appliance types and brands use as a guide only.
Size:
Variable
Preparation Instructions:
Handling Chicken Safely:
Keep fresh product refrigerated.
Always keep raw chicken refrigerated and separated from other foods.
Always thaw frozen chicken completely before cooking.
Wash hands, work surfaces and utensils thoroughly in hot soapy water, before and after handling chicken.
Always cook thoroughly.
Code: 7607184P
7 6 0 7 1 8 4 P
Customers also purchased
Lilydale Free Range Chicken Mince 500g
Lilydale Free Range Chicken Mince
500g
$10.50
500g $21.00 per 1Kg
Unit Price
Add
1
for $10.50

Lilydale Free Range Chicken Tenderloins 500g
Lilydale Free Range Chicken Tenderloins
500g
$13.00
500g $26.00 per 1Kg
Unit Price
Add
1
for $13.00

Coles RSPCA Approved Free Range Chicken Thigh Large Pack approx. 1.25kg
Coles RSPCA Approved Free Range Chicken Thigh Large Pack
approx. 1.25kg
$20.63
approx. 1.25kg $16.50 per 1Kg
Unit Price
Price is an estimate
Add
1.25kg
for $20.63

Coles RSPCA Approved Free Range Chicken Lovely Legs approx. 600g
Coles RSPCA Approved Free Range Chicken Lovely Legs
approx. 600g
$6.30
approx. 600g $10.50 per 1Kg
Unit Price
Price is an estimate
Add
600g
for $6.30"	['/wcsstore/Coles-CAS/images/7/6/0/7607184-th.jpg', '/wcsstore/Coles-CAS/images/7/6/0/7607184_B-th.jpg']
Coles	Free Range RSPCA Approved Chicken Drumsticks	$ 8 .40	approx. 1.4kg	$6.00 per 1Kg	"Disclaimer:
Product details, including nutritional information and country of origin, may change from time to time and so the product you receive in your order may not reflect the information on this page. Please check the packaging on any product you purchase and if it's not what you expected, feel free to return it for a full refund.
Details
Storage Instructions:
Keep refrigerated. Store at or below 5C
Preparation Instructions:
Preheat oven to 200C (180C fan forced).
Remove the chicken drumsticks from the packaging, rub with oil and coat in a spice mix of equal quantities of paprika, ground garlic, ground onion and parsley, or your favourite rub or marinade.
Place drumsticks on a baking tray and cook in the oven for 35 to 40 minutes, until the skin is golden brown and the juices run clear when pierced.
Remove from the oven, lightly cover with foil and allow to rest for 5 minutes before serving.
Code: 3228774P
3 2 2 8 7 7 4 P
Customers also purchased
Coles RSPCA Approved Free Range Chicken Whole approx. 1.6kg
Coles RSPCA Approved Free Range Chicken Whole
approx. 1.6kg
$10.40
Was $17.92 Aug 2022
approx. 1.6kg $6.50 per 1Kg
Unit Price
Price is an estimate
Add
1.6kg
for $10.40

Coles RSPCA Approved Free Range Chicken Wing Nibbles approx. 600g
Coles RSPCA Approved Free Range Chicken Wing Nibbles
approx. 600g
$5.40
approx. 600g $9.00 per 1Kg
Unit Price
Price is an estimate
Add
600g
for $5.40

Coles RSPCA Approved Free Range Chicken Thigh Large Pack approx. 1.25kg
Coles RSPCA Approved Free Range Chicken Thigh Large Pack
approx. 1.25kg
$20.63
approx. 1.25kg $16.50 per 1Kg
Unit Price
Price is an estimate
Add
1.25kg
for $20.63

Coles RSPCA Approved Free Range Chicken Lovely Legs approx. 600g
Coles RSPCA Approved Free Range Chicken Lovely Legs
approx. 600g
$6.30
approx. 600g $10.50 per 1Kg
Unit Price
Price is an estimate
Add
600g
for $6.30"	['/wcsstore/Coles-CAS/images/3/2/2/3228774-th.jpg', '/wcsstore/Coles-CAS/images/3/2/2/3228774_B-th.jpg']
Lilydale	Free Range Chicken Breast Strips Crumbed	$ 11 .50	400g	$28.75 per 1Kg	"Nutrition Facts
Serving size: 1 serving = 100g
Qty
Quantity
per serving Qty
Quantity
per 100g / 100ml %
Percentage
daily intake*
Energy 755kJ 755kJ 9%
Protein 16.9g 16.9g 34%
Total Fat 8.4g 8.4g 12%
Saturated Fat 0.8g 0.8g 3%
Carbohydrate 8.8g 8.8g 3%
Sugars 3.5g 3.5g 4%
Sodium 337mg 337mg 15%
*Percentage Daily Intake per serving. Percentage Daily Intakes are based on an average adult diet of 8700 kJ. Your daily intakes may be higher or lower depending on your energy needs.
Disclaimer:
Product details, including nutritional information and country of origin, may change from time to time and so the product you receive in your order may not reflect the information on this page. Please check the packaging on any product you purchase and if it's not what you expected, feel free to return it for a full refund.
Details
Ingredients:
Free Range Chicken Breast (66%), Ciabatta Crumb (10%) [Wheat Flour, Amaranth Puffs, Herbs (1.7%) (Oregano, Parsley, Rosemary), Olive Oil, Salt, Sugar, Yeast, Wheat Gluten], Water, Vegetable Oil (Cottonseed, Canola), Wheat Flour, Wheat Gluten, Wheat Starch, Thickeners (1422, 415, 1442), Vegetable Gum (412), Sugar, Salt, Maltodextrin (Maize), Mineral Salts (451, 450, 452).
Contains:
Gluten, Wheat.
Allergen:
Contains Gluten, Contains Wheat
Dietary:
No Preservatives
Servings Per Pack:
4.0
Storage Instructions:
Keep refrigerated. Store at or below 4C. Thawed product, do not refreeze.
Usage Instructions:
This is a raw, formed product and must be fully cooked before consumption. Oven: 1. Pre-heat fan forced oven to 180C. 2. Line an oven tray with grease proof paper. Remove Breast Strips from packaging and place onto tray. 3. Place tray into oven and cook for 14-15 minutes, turning once. Due to variation of appliance types and brands use as a guide only.
Size:
400g
Warning:
We've taken great care to remove all bones from this product, however some may be present.
Code: 2829622P
2 8 2 9 6 2 2 P
Customers also purchased
Lilydale Free Range Chicken Thigh Fillets Bulk Pack approx. 900g
Lilydale Free Range Chicken Thigh Fillets Bulk Pack
approx. 900g
$18.00
approx. 900g $20.00 per 1Kg
Unit Price
Price is an estimate
Add
900g
for $18.00

Lilydale Free Range Chicken Drumsticks Bulk Pack approx. 1kg on special
Lilydale Free Range Chicken Drumsticks Bulk Pack
approx. 1kg on special
$5.50
save
$2.00
approx. 1kg $5.50 per 1Kg
Unit Price
Price is an estimate
Add
1
for $5.50

Lilydale Free Range Chicken Breast Fillets Bulk Pack approx. 1kg
Lilydale Free Range Chicken Breast Fillets Bulk Pack
approx. 1kg
$16.50
approx. 1kg $16.50 per 1Kg
Unit Price
Price is an estimate
Add
1
for $16.50

Lilydale Chicken Breast Schnitzels 400g on special
Lilydale Chicken Breast Schnitzels
400g on special
$10.50
save
$2.00
400g $26.25 per 1Kg
Unit Price
Add
1
for $10.50"	['/wcsstore/Coles-CAS/images/2/8/2/2829622-th.jpg', '/wcsstore/Coles-CAS/images/2/8/2/2829622_B-th.jpg']
Lilydale	Free Range Chicken Thigh Fillets Small Pack	$ 11 .45	approx. 545g	$21.00 per 1Kg	"Disclaimer:
Product details, including nutritional information and country of origin, may change from time to time and so the product you receive in your order may not reflect the information on this page. Please check the packaging on any product you purchase and if it's not what you expected, feel free to return it for a full refund.
Details
Storage Instructions:
Keep refrigerated. Store at or below 4C.
Size:
Variable
Code: 8227735P
8 2 2 7 7 3 5 P
Customers also purchased
Lilydale Free Range Chicken Breast Fillets Small Pack approx. 600g
Lilydale Free Range Chicken Breast Fillets Small Pack
approx. 600g
$11.70
approx. 600g $19.50 per 1Kg
Unit Price
Price is an estimate
Add
1
for $11.70"	['/wcsstore/Coles-CAS/images/8/2/2/8227735-th.jpg', '/wcsstore/Coles-CAS/images/8/2/2/8227735_B-th.jpg']
Coles	RSPCA Approved Free Range Chicken Thigh Cutlets	$ 11 .55	approx. 1.05kg	$11.00 per 1Kg	"Disclaimer:
Product details, including nutritional information and country of origin, may change from time to time and so the product you receive in your order may not reflect the information on this page. Please check the packaging on any product you purchase and if it's not what you expected, feel free to return it for a full refund.
Details
Ingredients:
Free Range RSPCA Approved Chicken (100%) (Chicken Thigh).
Storage Instructions:
Keep refrigerated. Store at or below 5C
Preparation Instructions:
Preheat oven to 200C (180C fan forced).
Remove the chicken cutlets from the packaging, lightly drizzle with olive oil and season with salt.
Heat a pan to medium heat and fry the cutlets skin side down for 4 minutes until golden brown.
Remove cutlets from the pan and place them skin side up on a shallow baking dish, add a few sprigs of rosemary, garlic cloves and juice of half a lemon.
Cook in the oven for 30 to 35 minutes, until cooked through and the juices run clear when pierced.
Remove from the oven, lightly cover with foil and allow to rest for 5 minutes before serving.
Code: 3559545P
3 5 5 9 5 4 5 P
Customers also purchased
Coles RSPCA Approved Free Range Chicken Maryland approx. 800g
Coles RSPCA Approved Free Range Chicken Maryland
approx. 800g
$8.00
approx. 800g $10.00 per 1Kg
Unit Price
Price is an estimate
Add
800g
for $8.00"	[]
Lilydale	Free Range Chicken Drumsticks Bulk Pack	$ 5 .50	approx. 1kg	$5.50 per 1Kg	"Disclaimer:
Product details, including nutritional information and country of origin, may change from time to time and so the product you receive in your order may not reflect the information on this page. Please check the packaging on any product you purchase and if it's not what you expected, feel free to return it for a full refund.
Details
Storage Instructions:
Keep refrigerated. Store at or below 4C.
Size:
Variable
Code: 2303852P
2 3 0 3 8 5 2 P
Customers also purchased
Lilydale Free Range Chicken Thigh Fillets Bulk Pack approx. 900g
Lilydale Free Range Chicken Thigh Fillets Bulk Pack
approx. 900g
$18.00
approx. 900g $20.00 per 1Kg
Unit Price
Price is an estimate
Add
900g
for $18.00

Lilydale Free Range Chicken Breast Fillets Bulk Pack approx. 1kg
Lilydale Free Range Chicken Breast Fillets Bulk Pack
approx. 1kg
$16.50
approx. 1kg $16.50 per 1Kg
Unit Price
Price is an estimate
Add
1
for $16.50

Lilydale Chicken Breast Schnitzels 400g on special
Lilydale Chicken Breast Schnitzels
400g on special
$10.50
save
$2.00
400g $26.25 per 1Kg
Unit Price
Add
1
for $10.50

Lilydale Free Range Chicken Breast Strips Crumbed 400g
Lilydale Free Range Chicken Breast Strips Crumbed
400g
$11.50
400g $28.75 per 1Kg
Unit Price
Add
1
for $11.50"	[]
Lilydale	Free Range Chicken Stir Fry Large Pack	$ 21 .00	approx. 1.2kg	$17.50 per 1Kg	"Disclaimer:
Product details, including nutritional information and country of origin, may change from time to time and so the product you receive in your order may not reflect the information on this page. Please check the packaging on any product you purchase and if it's not what you expected, feel free to return it for a full refund.
Details
Storage Instructions:
Keep refrigerated. Store at or below 4C.
Size:
Variable
Code: 4671450P
4 6 7 1 4 5 0 P
Customers also purchased
Lilydale Free Range Chicken Mince 500g
Lilydale Free Range Chicken Mince
500g
$10.50
500g $21.00 per 1Kg
Unit Price
Add
1
for $10.50

Lilydale Free Range Chicken Stir Fry 500g on special
Lilydale Free Range Chicken Stir Fry
500g on special
$9.50
save
$3.00
500g $19.00 per 1Kg
Unit Price
Add
1
for $9.50

Lilydale Chicken Breast Schnitzel With Cauliflower & Herb Crumb 400g on special
Lilydale Chicken Breast Schnitzel With Cauliflower & Herb Crumb
400g on special
$10.00
save
$1.50
400g $25.00 per 1Kg
Unit Price
Add
1
for $10.00

Coles Free Range RSPCA Approved Chicken Mango & Coconut approx. 950g
Coles Free Range RSPCA Approved Chicken Mango & Coconut
approx. 950g
$13.30
approx. 950g $14.00 per 1Kg
Unit Price
Price is an estimate
Add
950g
for $13.30"	['/wcsstore/Coles-CAS/images/4/6/7/4671450-th.jpg', '/wcsstore/Coles-CAS/images/4/6/7/4671450_B-th.jpg']
Coles	Free Range RSPCA Approved Chicken Mango & Coconut	$ 13 .30	approx. 950g	$14.00 per 1Kg	"Nutrition Facts
Serving size: 1 serving = 150g
Qty
Quantity
per serving Qty
Quantity
per 100g / 100ml %
Percentage
daily intake*
Energy 800.25 533.5
Not provided
Energy Cal 191.4473684 127.631579
Not provided
Protein 25.65 17.1
Not provided
Trans 0.135 0.09
Not provided
Carbohydrate 3.675 2.45
Not provided
Sugars 2.775 1.85
Not provided
Dietary Fibre Total 0.6 0.4
Not provided
Sodium 613.5 409
Not provided
*Percentage Daily Intake per serving. Percentage Daily Intakes are based on an average adult diet of 8700 kJ. Your daily intakes may be higher or lower depending on your energy needs.
Disclaimer:
Product details, including nutritional information and country of origin, may change from time to time and so the product you receive in your order may not reflect the information on this page. Please check the packaging on any product you purchase and if it's not what you expected, feel free to return it for a full refund.
Details
Ingredients:
INGREDIENTS: Free Range RSPCA Approved Australian Boneless Whole Chicken (87%), Marinade [Water, Salt, Sugar, Rice Starch, Tapioca Starch, Plant Fibre, Natural Flavouring (Milk), Herb Extracts (Rosemary, Sage), Spice Extract (Celery)], Mango and Coconut Glaze (4.0%) [Maltodextrin, Sugar, Desiccated Coconut (Coconut, Preservative (223 (Sulphites))), Fructose, Salt, Herbs & Spices (Parsley, Turmeric, Ginger, Coriander, Black Pepper, Chilli), Mango Powder, Vegetable Gums (415, 412), Dehydrated Red Capsicum, Garlic Powder, Natural Flavouring, Natural Colours (Turmeric, Paprika Oleoresins)].
Allergen:
Contains SULPHITES, Contains MILK
Servings Per Pack:
4.0
Storage Instructions:
Keep refrigerated. Store at or below 5C
Warning:
Food Warnings: ALL CARE HAS BEEN TAKEN TO REMOVE ALL BONES AND BONE FRAGMENTS, HOWEVER SOME MAY REMAIN.
Preparation Instructions:
OVEN
Preheat oven to 200C (180C fan forced).
Remove chicken from packaging and place skin side up onto a lined baking tray and cover with lightly oiled foil.
Roast in the oven for 25 minutes.
Remove the foil and cook for a further 25 minutes, until the skin is golden brown and the chicken is cooked through.
Remove from the oven, cover with foil and rest for 5 minutes before serving.
Code: 4454280P
4 4 5 4 2 8 0 P
Customers also purchased
Lilydale Chicken Breast Schnitzel With Cauliflower & Herb Crumb 400g on special
Lilydale Chicken Breast Schnitzel With Cauliflower & Herb Crumb
400g on special
$10.00
save
$1.50
400g $25.00 per 1Kg
Unit Price
Add
1
for $10.00

Lilydale Free Range Chicken Stir Fry Large Pack approx. 1.2kg
Lilydale Free Range Chicken Stir Fry Large Pack
approx. 1.2kg
$21.00
approx. 1.2kg $17.50 per 1Kg
Unit Price
Price is an estimate
Add
1.2kg
for $21.00"	['/wcsstore/Coles-CAS/images/4/4/5/4454280-th.jpg', '/wcsstore/Coles-CAS/images/4/4/5/4454280_L-th.jpg', '/wcsstore/Coles-CAS/images/4/4/5/4454280_B-th.jpg']
Coles	Free Range RSPCA Approved Chicken Boneless Lime And Mint	$ 14 .00	approx. 1kg	$14.00 per 1Kg	"Nutrition Facts
Serving size: 1 serving = 150
Qty
Quantity
per serving Qty
Quantity
per 100g / 100ml %
Percentage
daily intake*
Energy 845.55 563.70
Not provided
Energy Cal 202.28 134.86
Not provided
Protein 26.40 17.60
Not provided
Total Fat 9.45 6.30
Not provided
Saturated Fat 2.40 1.60
Not provided
Trans 0.02 0.01
Not provided
Carbohydrate 2.70 1.80
Not provided
Sugars 1.05 0.70
Not provided
Dietary Fibre Total 0.15 0.10
Not provided
Sodium 558.00 372.00
Not provided
*Percentage Daily Intake per serving. Percentage Daily Intakes are based on an average adult diet of 8700 kJ. Your daily intakes may be higher or lower depending on your energy needs.
Disclaimer:
Product details, including nutritional information and country of origin, may change from time to time and so the product you receive in your order may not reflect the information on this page. Please check the packaging on any product you purchase and if it's not what you expected, feel free to return it for a full refund.
Details
Ingredients:
INGREDIENTS: Free Range RSPCA Approved Australian Boneless Whole Chicken (88%), Marinade [Water, Salt, Sugar, Rice Starch, Tapioca Starch, Plant Fibre, Natural Flavouring (Milk), Herb Extracts (Rosemary, Sage), Spice Extract (Celery)], Lime and Mint Glaze (3.0%) [Rice Flour, Sugar, Maltodextrin, Salt, Citrus Juice Powder (Lemon, Lime), Herbs & Herb Extract (Parsley, Kaffir Lime Leaf, Mint), Dehydrated Red Capsicum, Citrus Zest (Lime), Acidity Regulator (330), Vegetable Gum (415), Natural Flavouring].
Allergen:
Contains MILK
Servings Per Pack:
4.0
Storage Instructions:
Keep refrigerated. Store at or below 5C
Warning:
Food Warnings: ALL CARE HAS BEEN TAKEN TO REMOVE ALL BONES AND BONE FRAGMENTS, HOWEVER SOME MAY REMAIN.
Preparation Instructions:
OVEN
Preheat oven to 200C (180C fan forced).
Remove chicken from packaging and place skin side up onto a lined baking tray and cover with lightly oiled foil.
Roast in the oven for 25 minutes.
Remove the foil and cook for a further 25 minutes, until the skin is golden brown and the chicken is cooked through.
Remove from the oven, cover with foil and rest for 5 minutes before serving.
Code: 5049743P
5 0 4 9 7 4 3 P
Customers also purchased
Lilydale Free Range Chicken Mince 500g
Lilydale Free Range Chicken Mince
500g
$10.50
500g $21.00 per 1Kg
Unit Price
Add
1
for $10.50

Lilydale Free Range Chicken Stir Fry Large Pack approx. 1.2kg
Lilydale Free Range Chicken Stir Fry Large Pack
approx. 1.2kg
$21.00
approx. 1.2kg $17.50 per 1Kg
Unit Price
Price is an estimate
Add
1.2kg
for $21.00

Coles Free Range RSPCA Approved Chicken Mango & Coconut approx. 950g
Coles Free Range RSPCA Approved Chicken Mango & Coconut
approx. 950g
$13.30
approx. 950g $14.00 per 1Kg
Unit Price
Price is an estimate
Add
950g
for $13.30"	['/wcsstore/Coles-CAS/images/5/0/4/5049743-th.jpg', '/wcsstore/Coles-CAS/images/5/0/4/5049743_B-th.jpg']
Coles	Free Range RSPCA Approved Chicken Schnitzel Herb And Garlic	$ 11 .00	400g	$27.50 per 1Kg	"Nutrition Facts
Serving size: 1 serving = 100g
Qty
Quantity
per serving Qty
Quantity
per 100g / 100ml %
Percentage
daily intake*
Energy 854.3 854.3
Not provided
Energy Cal 204.38 204.38
Not provided
Protein 16 16
Not provided
Trans 0.09 0.09
Not provided
Carbohydrate 12 12
Not provided
Sugars 2 2
Not provided
Dietary Fibre Total 1.5 1.5
Not provided
Sodium 390 390
Not provided
*Percentage Daily Intake per serving. Percentage Daily Intakes are based on an average adult diet of 8700 kJ. Your daily intakes may be higher or lower depending on your energy needs.
Disclaimer:
Product details, including nutritional information and country of origin, may change from time to time and so the product you receive in your order may not reflect the information on this page. Please check the packaging on any product you purchase and if it's not what you expected, feel free to return it for a full refund.
Details
Ingredients:
INGREDIENTS: Free Range RSPCA Approved Australian Chicken Breast (71%), Herb & Garlic Breadcrumb Coating [Water, Wheat Flour, Canola Oil, Buttermilk Powder, Salt, Garlic Powder, Yeast, Wheat Gluten, Cheese Powder (Milk), Yeast Extract, Egg Powder, Sugar, Onion Powder, Olive Oil, Vegetable Gum (461, 412), Parsley, Natural Flavouring, Food Acid (270, 330), Pepper, Anticaking Agent (551), Mineral Salts (Sodium Carbonates, 450, 341), Emulsifier (481)], Marinade [Water, Marinade (Rice Starch, Dextrose, Salt, Natural Flavouring)].
Allergen:
Contains MILK, Contains EGG, Contains Gluten, Contains Wheat
Servings Per Pack:
4.0
Storage Instructions:
Keep refrigerated. Store at or below 5C
Warning:
Food Warnings: ALL CARE HAS BEEN TAKEN TO REMOVE ALL BONES AND BONE FRAGMENTS, HOWEVER SOME MAY REMAIN.
Preparation Instructions:
HOW TO COOK
Preheat oven to 240C (220C fan forced) with a lined baking tray inside.
Remove chicken schnitzels from packaging and place onto the preheated baking tray.
Place in the centre of the oven and cook for 20 minutes or until golden brown and piping hot. TIP: For best results place on a preheated oven wire rack.
Code: 4226990P
4 2 2 6 9 9 0 P
Customers also purchased
Coles RSPCA Approved Free Range Chicken Stir Fry approx. 575g
Coles RSPCA Approved Free Range Chicken Stir Fry
approx. 575g
$13.80
approx. 575g $24.00 per 1Kg
Unit Price
Price is an estimate
Add
575g
for $13.80

Lilydale Chicken Breast Schnitzel With Cauliflower & Herb Crumb 400g on special
Lilydale Chicken Breast Schnitzel With Cauliflower & Herb Crumb
400g on special
$10.00
save
$1.50
400g $25.00 per 1Kg
Unit Price
Add
1
for $10.00

Lilydale Free Range Chicken Stir Fry Large Pack approx. 1.2kg
Lilydale Free Range Chicken Stir Fry Large Pack
approx. 1.2kg
$21.00
approx. 1.2kg $17.50 per 1Kg
Unit Price
Price is an estimate
Add
1.2kg
for $21.00"	['/wcsstore/Coles-CAS/images/4/2/2/4226990-th.jpg', '/wcsstore/Coles-CAS/images/4/2/2/4226990_L-th.jpg', '/wcsstore/Coles-CAS/images/4/2/2/4226990_B-th.jpg']
Herb & Sons	Meat Free Chicken-Free Sweet Chilli Tenders	$ 6 .50	300g	$21.67 per 1Kg	"Nutrition Facts
Serving size: 1 serving = 3 Tenders
Qty
Quantity
per serving Qty
Quantity
per 100g / 100ml %
Percentage
daily intake*
Energy 1698.45 1132.3 20
Energy Cal 406.33 270.89
Not provided
Protein 16.05 10.7 32
Total Fat 25.8 17.2 37
Saturated Fat 10.8 7.2 45
Carbohydrate 24.6 16.4 8
Sodium 1026 684 45
*Percentage Daily Intake per serving. Percentage Daily Intakes are based on an average adult diet of 8700 kJ. Your daily intakes may be higher or lower depending on your energy needs.
Disclaimer:
Product details, including nutritional information and country of origin, may change from time to time and so the product you receive in your order may not reflect the information on this page. Please check the packaging on any product you purchase and if it's not what you expected, feel free to return it for a full refund.
Details
Ingredients:
Meat Free Portion (54%) [Water, Soy Protein (Emulsifier (322)), Coconut Oil, Rice Flour, Plant Fibre (Cellulose, Pea Fibre), Vegetable Gum (461), Yeast Extract, Salt, Dehydrated Vegetables (Onion, Garlic), Sugar, Pepper, Natural Flavouring, Preservative [234]], Sweet Chilli Flavour Coating (46%) [Wheat Flour, Water, Canola Oil, Rice Flour, Desiccated Coconut, Sugar, Salt, Dehydrated Vegetables (Onion, Garlic, Red Capsicum), Fructose, Wheat Gluten, Yeast, Spices (Pepper, Paprika, Celery, Turmeric, Chilli, Ginger, Capsicum), Thickener (1404), Vegetable Gum (412), Yeast Extract, Olive Oil, Acidity Regulator (262), Natural Flavouring, Tapioca Starch, Wheat Fibre, Natural Colours (Paprika Oleoresins, Turmeric), Emulsifier (471 (Palm Oil**)), Dextrose, Rice Bran Extract, Antioxidant (Rosemary Extract)].
Allergen:
May Contain EGG, May Contain MILK, Contains SOY, Contains CEREALS CONTAINING GLUTEN, Contains Wheat
Servings Per Pack:
2.0
Storage Instructions:
Keep refrigerated. Store at or below 5C
Preparation Instructions:
HOW TO COOKPRODUCT MUST BE FULLY COOKED PRIOR TO CONSUMPTION.
Take the tenders out of the fridge2. Line a baking tray with baking paper and place in the oven3. Preheat oven to 200C (180 fan forced)
Remove tenders from packaging and place on the preheated lined baking tray5. Bake for 10 - 15 minutes or until cooked through and golden brown, turning half way through cooking6. Remove from oven and serve
Code: 3740003P
3 7 4 0 0 0 3 P
Customers also purchased
Herb & Sons Chicken-Free Nuggets 400g
Herb & Sons Chicken-Free Nuggets
400g
$9.00
Until 02 May 2023
400g $22.50 per 1Kg
Unit Price
Add
1
for $9.00

Herb & Sons Chicken-Free Schnitzel 300g
Herb & Sons Chicken-Free Schnitzel
300g
$8.00
300g $26.67 per 1Kg
Unit Price
Add
1
for $8.00"	['/wcsstore/Coles-CAS/images/3/7/4/3740003-th.jpg', '/wcsstore/Coles-CAS/images/3/7/4/3740003_L-th.jpg', '/wcsstore/Coles-CAS/images/3/7/4/3740003_R-th.jpg', '/wcsstore/Coles-CAS/images/3/7/4/3740003_B-th.jpg']
Coles	RSPCA Approved Free Range Chicken Maryland	$ 8 .00	approx. 800g	$10.00 per 1Kg	"Disclaimer:
Product details, including nutritional information and country of origin, may change from time to time and so the product you receive in your order may not reflect the information on this page. Please check the packaging on any product you purchase and if it's not what you expected, feel free to return it for a full refund.
Details
Ingredients:
Chicken Maryland.
Storage Instructions:
Keep refrigerated. Store at or below 5C
Preparation Instructions:
Preheat oven to 200C (180C fan forced).
Remove the marylands from the packaging and place on a lined roasting tray.
Squeeze the juice of a lemon, drizzle with honey and olive oil, season with salt and black pepper and add a few whole garlic cloves, or use your favourite rub or marinade.
Cook in the oven for 40 to 45 minutes, until the skin is golden brown and the juices run clear when pierced.
Remove from the oven, lightly cover with foil and allow to rest for 5 minutes before serving.
Code: 3559454P
3 5 5 9 4 5 4 P"	['/wcsstore/Coles-CAS/images/3/5/5/3559454-th.jpg', '/wcsstore/Coles-CAS/images/3/5/5/3559454_L-th.jpg']
Coles	RSPCA Approved Free Range Chicken Lovely Legs	$ 6 .30	approx. 600g	$10.50 per 1Kg	"Disclaimer:
Product details, including nutritional information and country of origin, may change from time to time and so the product you receive in your order may not reflect the information on this page. Please check the packaging on any product you purchase and if it's not what you expected, feel free to return it for a full refund.
Details
Storage Instructions:
Keep refrigerated. Store at or below 5C
Preparation Instructions:
Preheat oven to 200C (180C fan forced).
Remove the lovely legs from the packaging, marinate in plum sauce, soy sauce, ginger and touch of oil, or your favourite rub or marinade.
Place on a baking tray and cook for 25 to 30 minutes or until fully cooked through and the juices run clear.
Remove from the oven, lightly cover with foil and allow to rest for 5 minutes before serving.
Code: 3559636P
3 5 5 9 6 3 6 P
Customers also purchased
Lilydale Free Range Whole Chicken approx. 1.27kg on special
Lilydale Free Range Whole Chicken
approx. 1.27kg on special
$9.53
save
$1.90
approx. 1.27kg $7.50 per 1Kg
Unit Price
Price is an estimate
Add
1
for $9.53

Coles RSPCA Approved Free Range Chicken Whole approx. 1.6kg
Coles RSPCA Approved Free Range Chicken Whole
approx. 1.6kg
$10.40
Was $17.92 Aug 2022
approx. 1.6kg $6.50 per 1Kg
Unit Price
Price is an estimate
Add
1.6kg
for $10.40

Coles Free Range RSPCA Approved Chicken Drumsticks approx. 1.4kg
Coles Free Range RSPCA Approved Chicken Drumsticks
approx. 1.4kg
$8.40
approx. 1.4kg $6.00 per 1Kg
Unit Price
Price is an estimate
Add
1.4kg
for $8.40"	['/wcsstore/Coles-CAS/images/3/5/5/3559636-th.jpg', '/wcsstore/Coles-CAS/images/3/5/5/3559636_L-th.jpg']
V2	Popcorn Bites Southern Style Plant Based	$ 8 .00	300g	$26.67 per 1Kg	"Nutrition Facts
Serving size: 1 serving = 50g
Qty
Quantity
per serving Qty
Quantity
per 100g / 100ml %
Percentage
daily intake*
Energy 560kJ 1120kJ 6%
Protein 7.1g 14.2g 14%
Total Fat 8.4g 16.7g 12%
Saturated Fat 1.8g 3.5g 7%
Carbohydrate 7.9g 15.7g 3%
Sugars 0.7g 1.3g 1%
Dietary Fibre Total 2.1g 4.1g 7%
Sodium 221mg 441mg 10%
*Percentage Daily Intake per serving. Percentage Daily Intakes are based on an average adult diet of 8700 kJ. Your daily intakes may be higher or lower depending on your energy needs.
Disclaimer:
Product details, including nutritional information and country of origin, may change from time to time and so the product you receive in your order may not reflect the information on this page. Please check the packaging on any product you purchase and if it's not what you expected, feel free to return it for a full refund.
Details
Ingredients:
Water, Soy Protein, Vegetable Oil (contains Antioxidant (Tocopherol)), Wheat Flour, Wheat Fibre, Thickeners (Methyl Cellulose, Modified Corn Starch), Salt, Flavours (contains Glutamic Acid), Mineral Salts, Soy Flour, Colour (Caramelised Sugar), Yeast Extract, Spices and Spice Extracts, Dehydrated Vegetables, Sugar, Herbs (Gluten), Soy Lecithin.
Contains:
Soy, Gluten, Wheat.
Allergen:
May Be Present Milk, May Be Present Crustacea, Contains Gluten, Contains Soy, Contains Wheat, May Be Present Egg
Dietary:
No Artificial Flavours or Colours
Servings Per Pack:
6.0
Storage Instructions:
Keep refrigerated at or below 5C. Suitable for freezing.
Size:
300g
Preparation Instructions:
Quick 'n' Easy Popcorn Bites
Preheat oven to 180C.
Line baking tray with baking paper.
Place popcorn bites onto baking paper and cook for 7 minutes or until golden brown. Using an air fryer? Simply cook for 5 minutes at 180C or until golden. Product must be fully cooked before eating. Cooking times are a guide and may vary depending on your appliance.
Code: 5708362P
5 7 0 8 3 6 2 P"	['/wcsstore/Coles-CAS/images/5/7/0/5708362-th.jpg', '/wcsstore/Coles-CAS/images/5/7/0/5708362_B-th.jpg']
Lilydale	Free Range Chicken Kebab Katsu Curry	$ 15 .00	750g	$20.00 per 1Kg	"Nutrition Facts
Serving size: 1 serving = 75g
Qty
Quantity
per serving Qty
Quantity
per 100g / 100ml %
Percentage
daily intake*
Energy 383kJ 510kJ 4%
Energy Cal 92Cal 122Cal
Not provided
Protein 16.1g 21.5g 32%
Total Fat
Less than
< 0.1g
Less than
< 0.1g 0%
Saturated Fat
Less than
< 0.1g
Less than
< 0.1g 0%
Carbohydrate 6.4g 8.5g 2%
Sugars 0.5g 0.6g 1%
Sodium 263mg 350mg 11%
*Percentage Daily Intake per serving. Percentage Daily Intakes are based on an average adult diet of 8700 kJ. Your daily intakes may be higher or lower depending on your energy needs.
Disclaimer:
Product details, including nutritional information and country of origin, may change from time to time and so the product you receive in your order may not reflect the information on this page. Please check the packaging on any product you purchase and if it's not what you expected, feel free to return it for a full refund.
Details
Ingredients:
Free Range Chicken Breast (80%), Marinade (12%) [Water, Salt, Sugar, Rice Starch, Citrus Fibre, Spice Extract], Katsu Style Glaze (7%) [Sugar, Vegetable Powders (Onion, Garlic, Parsley, Coriander, Celery, Curry Powder), Maize Flour, Salt, Soy Sauce Powder (Fermented Soy Sauce, Maltodextrin, Salt), Spices (Turmeric, Coriander, Pepper, Fenugreek, Cassia, Celery, Chilli, Ginger, Curry Powder), Vinegar Powder, Curry Powder (Minimum 3.5%), Colour (150a), Mustard Flavoured Powder (Turmeric (100)), Vegetable Gum (415), Herb (Parsley), Food Acid (330)], Wheat Floor.
Contains:
Soy, Gluten, Wheat.
Allergen:
May Be Present Milk, May Be Present Sesame, Contains Gluten, Contains Soy, Contains Wheat
Dietary:
99% Fat Free, No Preservatives, No Artificial Flavours or Colours
Servings Per Pack:
10.0
Storage Instructions:
Keep refrigerated. Store at or below 4C.
Size:
750g
Warning:
Though care has been taken to remove bones from this product, some may remain.
Preparation Instructions:
Cooking Instructions BBQ/ Pan Fry
Preheat oiled Barbeque or Pan to medium heat.
Cook for 13-15 minutes, turning regularly. Once cooked, rest for 5 minutes under foil. Oven
Preheat oven to 200C (180C fan forced).
Cook for 15 minutes. Once cooked, rest for 5 minutes under foil. DUE TO VARIATION OF APPLIANCE TYPES AND BRANDS USE AS A GUIDE ONLY.
Code: 5551963P
5 5 5 1 9 6 3 P
Customers also purchased
Lilydale Chicken Breast Schnitzel With Cauliflower & Herb Crumb 400g on special
Lilydale Chicken Breast Schnitzel With Cauliflower & Herb Crumb
400g on special
$10.00
save
$1.50
400g $25.00 per 1Kg
Unit Price
Add
1
for $10.00

Coles Free Range RSPCA Approved Chicken Schnitzel Herb And Garlic 400g
Coles Free Range RSPCA Approved Chicken Schnitzel Herb And Garlic
400g
$11.00
400g $27.50 per 1Kg
Unit Price
Add
1
for $11.00"	['/wcsstore/Coles-CAS/images/5/5/5/5551963-th.jpg', '/wcsstore/Coles-CAS/images/5/5/5/5551963_B-th.jpg']
Herb & Sons	Chicken-Free Nuggets	$ 9 .00	400g	$22.50 per 1Kg	"Nutrition Facts
Serving size: 1 serving = 2 nuggets
Qty
Quantity
per serving Qty
Quantity
per 100g / 100ml %
Percentage
daily intake*
Energy 549.2 1098.4 6
Energy Cal 131.39 262.78
Not provided
Protein 4.65 9.3 9
Total Fat 7.2 14.4 10
Saturated Fat 3 6 13
Carbohydrate 10.95 21.9 4
Sodium 420.5 841 18
*Percentage Daily Intake per serving. Percentage Daily Intakes are based on an average adult diet of 8700 kJ. Your daily intakes may be higher or lower depending on your energy needs.
Disclaimer:
Product details, including nutritional information and country of origin, may change from time to time and so the product you receive in your order may not reflect the information on this page. Please check the packaging on any product you purchase and if it's not what you expected, feel free to return it for a full refund.
Details
Ingredients:
INGREDIENTS: Meat Free Portion (54%) [Water, Soy Protein (Emulsifier (322)), Coconut Oil, Rice Flour, Plant Fibre (Cellulose, Pea), Vegetable Gum (461), Yeast Extract, Salt, Dehydrated Vegetables (Onion, Garlic), Sugar, Pepper, Natural Flavouring, Preservative (234)],Coating [Wheat Flour, Water, Salt, Wheat Semolina, Yeast, Wheat Gluten, Canola Oil, Sugar, Olive Oil, Wheat, Spices, Flavour Enhancer (635), Dehydrated Vegetables, Rice Bran Oil, Herbs, Vegetable Gum (412), Garlic Powder], Canola Oil.
Allergen:
May Contain EGG, May Contain MILK, Contains SOY, Contains CEREALS CONTAINING GLUTEN, Contains Wheat
Servings Per Pack:
8.0
Storage Instructions:
Keep refrigerated. Store at or below 5C
Preparation Instructions:
Oven Instructions1. Line an oven tray with grease proof paper and place into oven.2. Preheat oven to 200C (180C fan forced).3. Remove Meat Free Nuggets from packaging and place onto preheated lined baking tray. 4. Place tray in oven and cook for 10 to 15 minutes or until cooked through and golden brown, turn half way through.
Code: 3571085P
3 5 7 1 0 8 5 P
Customers also purchased
Herb & Sons Chicken-Free Schnitzel 300g
Herb & Sons Chicken-Free Schnitzel
300g
$8.00
300g $26.67 per 1Kg
Unit Price
Add
1
for $8.00

Herb & Sons Meat Free Chicken-Free Sweet Chilli Tenders 300g
Herb & Sons Meat Free Chicken-Free Sweet Chilli Tenders
300g
$6.50
300g $21.67 per 1Kg
Unit Price
Add
1
for $6.50"	['/wcsstore/Coles-CAS/images/3/5/7/3571085-th.jpg', '/wcsstore/Coles-CAS/images/3/5/7/3571085_L-th.jpg', '/wcsstore/Coles-CAS/images/3/5/7/3571085_R-th.jpg', '/wcsstore/Coles-CAS/images/3/5/7/3571085_B-th.jpg']
Herb & Sons	Chicken-Free Schnitzel	$ 8 .00	300g	$26.67 per 1Kg	"Nutrition Facts
Serving size: 1 serving = 1 Schnitzel
Qty
Quantity
per serving Qty
Quantity
per 100g / 100ml %
Percentage
daily intake*
Energy 1620.6 1080.4 19
Energy Cal 387.7 258.47
Not provided
Protein 13.5 9 27
Total Fat 21.45 14.3 31
Saturated Fat 8.85 5.9 37
Carbohydrate 32.25 21.5 10
Sodium 1299 866 56
*Percentage Daily Intake per serving. Percentage Daily Intakes are based on an average adult diet of 8700 kJ. Your daily intakes may be higher or lower depending on your energy needs.
Disclaimer:
Product details, including nutritional information and country of origin, may change from time to time and so the product you receive in your order may not reflect the information on this page. Please check the packaging on any product you purchase and if it's not what you expected, feel free to return it for a full refund.
Details
Ingredients:
INGREDIENTS: Meat Free Portion (60%) [Water, Soy Protein (Emulsifier (322)), Coconut Oil, Rice Flour, Plant Fibre (Cellulose, Pea), Vegetable Gum (461), Yeast Extract, Salt, Dehydrated Vegetables (Onion, Garlic), Sugar, Pepper, Natural Flavouring, Preservative (234)],Coating [Wheat Flour, Water, Salt, Wheat Semolina, Yeast, Wheat Gluten, Canola Oil, Sugar, Olive Oil, Wheat, Spices, Flavour Enhancer (635), Dehydrated Vegetables, Rice Bran Oil, Herbs, Vegetable Gum (412), Garlic Powder], Canola Oil.
Allergen:
May Contain EGG, May Contain MILK, Contains SOY, Contains CEREALS CONTAINING GLUTEN, Contains Wheat
Servings Per Pack:
2.0
Storage Instructions:
Keep refrigerated. Store at or below 5C
Preparation Instructions:
Oven Instructions1. Line an oven tray with grease proof paper and place into oven.2. Preheat oven to 200C (180C fan forced).3. Remove Meat Free Schnitzel from packaging and place onto preheated lined baking tray. 4. Place tray in oven and cook for 10 to 15 minutes or until cooked through and golden brown, turn half way through.
Code: 3571063P
3 5 7 1 0 6 3 P
Customers also purchased
Herb & Sons Chicken-Free Nuggets 400g
Herb & Sons Chicken-Free Nuggets
400g
$9.00
Until 02 May 2023
400g $22.50 per 1Kg
Unit Price
Add
1
for $9.00

Herb & Sons Meat Free Chicken-Free Sweet Chilli Tenders 300g
Herb & Sons Meat Free Chicken-Free Sweet Chilli Tenders
300g
$6.50
300g $21.67 per 1Kg
Unit Price
Add
1
for $6.50"	['/wcsstore/Coles-CAS/images/3/5/7/3571063-th.jpg', '/wcsstore/Coles-CAS/images/3/5/7/3571063_L-th.jpg', '/wcsstore/Coles-CAS/images/3/5/7/3571063_B-th.jpg']
Lilydale	Butterflied Boneless Chicken Jamacian Jerk	$ 20 .25	approx. 1.35kg	$15.00 per 1Kg	"Nutrition Facts
Serving size: 1 serving = 100g
Qty
Quantity
per serving Qty
Quantity
per 100g / 100ml %
Percentage
daily intake*
Energy 695kJ 695kJ 8%
Energy Cal 166Cal 166Cal
Not provided
Protein 13.0g 13.0g 26%
Total Fat 5.6g 5.6g 8%
Saturated Fat 1.8g 1.8g 8%
Carbohydrate 15.7g 15.7g 5%
Sugars
Less than
< 0.1g
Less than
< 0.1g 0%
Sodium 470mg 470mg 20%
*Percentage Daily Intake per serving. Percentage Daily Intakes are based on an average adult diet of 8700 kJ. Your daily intakes may be higher or lower depending on your energy needs.
Disclaimer:
Product details, including nutritional information and country of origin, may change from time to time and so the product you receive in your order may not reflect the information on this page. Please check the packaging on any product you purchase and if it's not what you expected, feel free to return it for a full refund.
Details
Ingredients:
Free Range Chicken (86%), Marinade (9%) [Water, Salt, Sugar, Rice Starch, Citrus Fibre, Spice Extract], Jamaican Jerk Seasoning (3%) [Sugar, Dehydrated Vegetables, Maize Flour, Vegetable Powders, Salt, Spices (Chilli (2%), Ginger, Pepper (0.5%), Paprika, Cinnamon, Nutmeg Clove, Cumin (0.3%)), Soy Sauce Powder, Vinegar Powder, Herbs, Vegetable Gum (415), Yeast Extract, Food Acid (330), Natural Flavourings, Spice Extract (100, 160c)].
Contains:
Soy.
Allergen:
May Be Present Milk, May Be Present Sesame, May Be Present Wheat, May Be Present Gluten, Contains Soy
Servings Per Pack:
10.0
Storage Instructions:
Keep refrigerated. Store at or below 4C.
Usage Instructions:
Handling Chicken Safely: 1. Always keep raw chicken refrigerated and separated from other foods. 2. Always thaw frozen chicken completely before cooking. 3. Wash hands, work surfaces and utensils thoroughly in hot soapy water, before and after handling chicken. 4. Always cook thoroughly.
Size:
Variable
Warning:
Take Care: Although care has been taken to remove bones from this product, some bones may remain.
Preparation Instructions:
Cooking Instructions Oven
Code: 5552274P
5 5 5 2 2 7 4 P
Customers also purchased
Coles RSPCA Approved Free Range Chicken Thigh Large Pack approx. 1.25kg
Coles RSPCA Approved Free Range Chicken Thigh Large Pack
approx. 1.25kg
$20.63
approx. 1.25kg $16.50 per 1Kg
Unit Price
Price is an estimate
Add
1.25kg
for $20.63

Lilydale Chicken Breast Schnitzel With Cauliflower & Herb Crumb 400g on special
Lilydale Chicken Breast Schnitzel With Cauliflower & Herb Crumb
400g on special
$10.00
save
$1.50
400g $25.00 per 1Kg
Unit Price
Add
1
for $10.00

Coles Free Range RSPCA Approved Chicken Mango & Coconut approx. 950g
Coles Free Range RSPCA Approved Chicken Mango & Coconut
approx. 950g
$13.30
approx. 950g $14.00 per 1Kg
Unit Price
Price is an estimate
Add
950g
for $13.30"	[]
Coles	RSPCA Approved Free Range Chicken Stir Fry	$ 13 .80	approx. 575g	$24.00 per 1Kg	"Disclaimer:
Product details, including nutritional information and country of origin, may change from time to time and so the product you receive in your order may not reflect the information on this page. Please check the packaging on any product you purchase and if it's not what you expected, feel free to return it for a full refund.
Details
Storage Instructions:
Keep refrigerated. Store at or below 5C
Preparation Instructions:
For a home made satay sauce mix a dollop of peanut butter, coconut milk and chilli sauce.
Heat a pan to medium heat and lightly oil.
Remove stir fry from packaging and pan fry for 5 to 7 minutes, turning regularly until golden brown on all sides. Finish off by stirring in the satay sauce.
Remove from pan and serve.
Code: 3505954P
3 5 0 5 9 5 4 P
Customers also purchased
Lilydale Free Range Chicken Mince 500g
Lilydale Free Range Chicken Mince
500g
$10.50
500g $21.00 per 1Kg
Unit Price
Add
1
for $10.50

Coles RSPCA Approved Free Range Chicken Whole approx. 1.6kg
Coles RSPCA Approved Free Range Chicken Whole
approx. 1.6kg
$10.40
Was $17.92 Aug 2022
approx. 1.6kg $6.50 per 1Kg
Unit Price
Price is an estimate
Add
1.6kg
for $10.40

Lilydale Chicken Breast Schnitzel With Cauliflower & Herb Crumb 400g on special
Lilydale Chicken Breast Schnitzel With Cauliflower & Herb Crumb
400g on special
$10.00
save
$1.50
400g $25.00 per 1Kg
Unit Price
Add
1
for $10.00

Coles Free Range RSPCA Approved Chicken Schnitzel Herb And Garlic 400g
Coles Free Range RSPCA Approved Chicken Schnitzel Herb And Garlic
400g
$11.00
400g $27.50 per 1Kg
Unit Price
Add
1
for $11.00"	[]
Coles	Meat Servery Free Range Chicken Breast Fillets	$ 3 .04	approx. 190g	$16.00 per 1Kg	"Nutrition Facts
Serving size: 1 serving = 100
Qty
Quantity
per serving Qty
Quantity
per 100g / 100ml %
Percentage
daily intake*
Energy 438.30 438.30
Not provided
Energy Cal 104.86 104.86
Not provided
Protein 22.30 22.30
Not provided
Total Fat 1.60 1.60
Not provided
Saturated Fat 0.50 0.50
Not provided
Carbohydrate 0.00 0.00
Not provided
Sugars 0.00 0.00
Not provided
Dietary Fibre Total 0.00 0.00
Not provided
Sodium 41.00 41.00
Not provided
*Percentage Daily Intake per serving. Percentage Daily Intakes are based on an average adult diet of 8700 kJ. Your daily intakes may be higher or lower depending on your energy needs.
Disclaimer:
Product details, including nutritional information and country of origin, may change from time to time and so the product you receive in your order may not reflect the information on this page. Please check the packaging on any product you purchase and if it's not what you expected, feel free to return it for a full refund.
Details
Servings Per Pack:
10.0
Storage Instructions:
Keep refrigerated. Store at or below 5C
Code: 3645035P
3 6 4 5 0 3 5 P"	[]
Meat Servery	Free Range Chicken Thigh Fillets	$ 8 .25	approx. 500g	$16.50 per 1Kg	"Nutrition Facts
Serving size: 1 serving = 100
Qty
Quantity
per serving Qty
Quantity
per 100g / 100ml %
Percentage
daily intake*
Energy 608.30 608.30
Not provided
Energy Cal 145.53 145.53
Not provided
Protein 17.50 17.50
Not provided
Total Fat 8.40 8.40
Not provided
Saturated Fat 2.50 2.50
Not provided
Carbohydrate 0.00 0.00
Not provided
Sugars 0.00 0.00
Not provided
Dietary Fibre Total 0.00 0.00
Not provided
Sodium 60.00 60.00
Not provided
*Percentage Daily Intake per serving. Percentage Daily Intakes are based on an average adult diet of 8700 kJ. Your daily intakes may be higher or lower depending on your energy needs.
Disclaimer:
Product details, including nutritional information and country of origin, may change from time to time and so the product you receive in your order may not reflect the information on this page. Please check the packaging on any product you purchase and if it's not what you expected, feel free to return it for a full refund.
Details
Servings Per Pack:
10.0
Storage Instructions:
Keep refrigerated. Store at or below 5C
Code: 3645046P
3 6 4 5 0 4 6 P"	[]
Coles	Meat Servery Free Range Chicken Schnitzel Herb Crumbed	$ 16 .00	approx. 1kg	$16.00 per 1Kg	"Nutrition Facts
Serving size: 1 serving = 100g
Qty
Quantity
per serving Qty
Quantity
per 100g / 100ml %
Percentage
daily intake*
Energy 524.40 524.40
Not provided
Energy Cal 125.45 125.45
Not provided
Protein 20.10 20.10
Not provided
Total Fat 1.70 1.70
Not provided
Saturated Fat 0.50 0.50
Not provided
Carbohydrate 5.70 5.70
Not provided
Sugars 0.90 0.90
Not provided
Dietary Fibre Total 0.10 0.10
Not provided
Sodium 203.00 203.00
Not provided
*Percentage Daily Intake per serving. Percentage Daily Intakes are based on an average adult diet of 8700 kJ. Your daily intakes may be higher or lower depending on your energy needs.
Disclaimer:
Product details, including nutritional information and country of origin, may change from time to time and so the product you receive in your order may not reflect the information on this page. Please check the packaging on any product you purchase and if it's not what you expected, feel free to return it for a full refund.
Details
Ingredients:
INGREDIENTS: RSPCA Approved Australian Chicken Breast, Crumb Coating [Breadcrumb (Maize Starch, Tapioca Starch, Rice Flour, Potato Starch, Soy Flour, Raising Agents (500, 575), Yeast, Vinegar, Salt), Salt, Spices], Precoating [Water, Mineral Salts (451, 452), Sugar].
Allergen:
May Contain Pine, May Contain Walnut, May Contain SULPHITES, Contains SOY, May Contain Macadamia Nuts, May Contain Cashew, May Contain SESAME, May Contain Hazelnuts, May Contain Brazil Nuts, May Contain Wheat, Contains MILK, Contains EGG, May Contain CRUSTACEA, May Contain Lupin, May Contain Almonds, May Contain PEANUTS, May Contain Pistachios, May Contain Gluten, May Contain FISH, May Contain Pecan
Servings Per Pack:
1.0
Code: 3645148P
3 6 4 5 1 4 8 P
Customers also purchased
Meat Servery Free Range Chicken Schnitzel approx. 1Kg
Meat Servery Free Range Chicken Schnitzel
approx. 1Kg
$16.50
approx. 1Kg $16.50 per 1Kg
Unit Price
Price is an estimate
Add
1kg
for $16.50"	[]
Meat Servery	Free Range Chicken Schnitzel	$ 16 .50	approx. 1Kg	$16.50 per 1Kg	"Nutrition Facts
Serving size: 1 serving = catch weight
Qty
Quantity
per serving Qty
Quantity
per 100g / 100ml %
Percentage
daily intake*
Energy 520.3 520.3
Not provided
Energy Cal 124.4736842 124.4736842
Not provided
Protein 20.8 20.8
Not provided
Carbohydrate 5.9 5.9
Not provided
Sugars 3.8 3.8
Not provided
Dietary Fibre Total 0.9 0.9
Not provided
Sodium 433 433
Not provided
*Percentage Daily Intake per serving. Percentage Daily Intakes are based on an average adult diet of 8700 kJ. Your daily intakes may be higher or lower depending on your energy needs.
Disclaimer:
Product details, including nutritional information and country of origin, may change from time to time and so the product you receive in your order may not reflect the information on this page. Please check the packaging on any product you purchase and if it's not what you expected, feel free to return it for a full refund.
Details
Ingredients:
INGREDIENTS: RSPCA Approved Australian Chicken Breast Fillet, Honey Soy Style Glaze [Sugar, Hydrolysed Soy Protein, Salt, Honey Powder, Maltodextrin, Thickeners (412, 415), Dehydrated Vegetables, Natural Colours (150a, Vegetable Carbon, 120, Paprika Oleoresins), Acidity Regulator (330), Citrus Fibre, Yeast Extract, Spice Extract].
Allergen:
May Contain Pine, May Contain Walnut, May Contain SULPHITES, May Contain MILK, Contains SOY, May Contain Macadamia Nuts, May Contain Cashew, May Contain SESAME, May Contain Hazelnuts, May Contain Brazil Nuts, May Contain Wheat, Contains EGG, May Contain CRUSTACEA, May Contain Lupin, May Contain Almonds, May Contain PEANUTS, May Contain Pistachios, May Contain Gluten, May Contain FISH, May Contain Pecan
Servings Per Pack:
1.0
Code: 3645115P
3 6 4 5 1 1 5 P
Customers also purchased
Coles Meat Servery Free Range Chicken Schnitzel Herb Crumbed approx. 1kg
Coles Meat Servery Free Range Chicken Schnitzel Herb Crumbed
approx. 1kg
$16.00
approx. 1kg $16.00 per 1Kg
Unit Price
Price is an estimate
Add
1kg
for $16.00"	[]
Meat Servery	Free Range Chicken Nibbles	$ 28 .50	approx. 3kg	$9.50 per 1Kg	"Nutrition Facts
Serving size: 1 serving = 100
Qty
Quantity
per serving Qty
Quantity
per 100g / 100ml %
Percentage
daily intake*
Energy 0 0
Not provided
Energy Cal 0 0
Not provided
Protein 0 0
Not provided
Carbohydrate 0 0
Not provided
Sugars 0 0
Not provided
Dietary Fibre Total 0 0
Not provided
Sodium 0 0
Not provided
*Percentage Daily Intake per serving. Percentage Daily Intakes are based on an average adult diet of 8700 kJ. Your daily intakes may be higher or lower depending on your energy needs.
Disclaimer:
Product details, including nutritional information and country of origin, may change from time to time and so the product you receive in your order may not reflect the information on this page. Please check the packaging on any product you purchase and if it's not what you expected, feel free to return it for a full refund.
Details
Servings Per Pack:
10.0
Storage Instructions:
Keep refrigerated. Store at or below 5C
Code: 3645002P
3 6 4 5 0 0 2 P"	[]
Coles	RPSCA Approved Chicken King Kebab With Middle Eastern Rub	$ 12 .00	800g	$15.00 per 1Kg	"Nutrition Facts
Serving size: 1 serving = 200g
Qty
Quantity
per serving Qty
Quantity
per 100g / 100ml %
Percentage
daily intake*
Energy 1185.00 592.50
Not provided
Energy Cal 283.49 141.75
Not provided
Protein 36.80 18.40
Not provided
Total Fat 14.80 7.40
Not provided
Saturated Fat 4.00 2.00
Not provided
Trans 0.20 0.10
Not provided
Carbohydrate 0.60 0.30
Not provided
Sugars 0.20 0.10
Not provided
Dietary Fibre Total 0.20 0.10
Not provided
Sodium 484.00 242.00
Not provided
*Percentage Daily Intake per serving. Percentage Daily Intakes are based on an average adult diet of 8700 kJ. Your daily intakes may be higher or lower depending on your energy needs.
Disclaimer:
Product details, including nutritional information and country of origin, may change from time to time and so the product you receive in your order may not reflect the information on this page. Please check the packaging on any product you purchase and if it's not what you expected, feel free to return it for a full refund.
Details
Ingredients:
INGREDIENTS: RSPCA Approved Australian Chicken Drumstick (96%), Middle Eastern Rub (4.0%) [Spices (Pepper, Cumin, Caraway, Paprika, Fennel), Dehydrated Vegetables (Capsicum, Garlic), Maltodextrin, Salt, Canola Oil].
Allergen:
May Contain Wheat, May Contain Gluten
Servings Per Pack:
4.0
Storage Instructions:
Keep refrigerated. Store at or below 5C
Warning:
Food Warnings: ALL CARE HAS BEEN TAKEN TO REMOVE ALL BONES AND BONE FRAGMENTS, HOWEVER SOME MAY REMAIN.
Preparation Instructions:
Heat a BBQ to medium heat with the lid down.
Remove kebabs from the packaging and lightly oil on all sides.
Place the kebabs on the BBQ and cook for approx. 45 minutes with the lid down, turning regularly until fully cooked through and the juices run clear when pierced.
Remove from the BBQ, cover with foil and rest for 5 minutes before carving. OR
Preheat oven to 210C (190C fan forced).
Remove kebabs from the packaging, place onto a lined baking tray and cover with lightly oiled foil.
Roast in the oven for 25 minutes.
Remove the foil and cook for a further 20 minutes, until the chicken is fully cooked through and the juices run clear when pierced.
Remove from the oven, cover with foil and rest for 5 minutes before carving.
Code: 5493415P
5 4 9 3 4 1 5 P"	['/wcsstore/Coles-CAS/images/5/4/9/5493415-th.jpg', '/wcsstore/Coles-CAS/images/5/4/9/5493415_B-th.jpg']
Coles	RSPCA Approved Chicken Thigh Fillets Large Pack	$ 16 .20	approx. 1.2kg	$13.50 per 1Kg	"Disclaimer:
Product details, including nutritional information and country of origin, may change from time to time and so the product you receive in your order may not reflect the information on this page. Please check the packaging on any product you purchase and if it's not what you expected, feel free to return it for a full refund.
Details
Ingredients:
INGREDIENTS: Chicken Thigh (100%).
Servings Per Pack:
5.0
Storage Instructions:
Keep refrigerated. Store at or below 5C
Preparation Instructions:
Handling Instructions: Store, handle and prepare raw poultry separately to cooked foods. Wash hands after handling. Cook thoroughly, ensure juices run clear when pierced in the thickest part.
Code: 2263328P
2 2 6 3 3 2 8 P
Customers also purchased
Coles RSPCA Approved Chicken Thigh Fillets Small Pack approx. 700g
Coles RSPCA Approved Chicken Thigh Fillets Small Pack
approx. 700g
$10.50
approx. 700g $15.00 per 1Kg
Unit Price
Price is an estimate
Add
700g
for $10.50"	['/wcsstore/Coles-CAS/images/2/2/6/2263328-th.jpg', '/wcsstore/Coles-CAS/images/2/2/6/2263328_L-th.jpg', '/wcsstore/Coles-CAS/images/2/2/6/2263328_R-th.jpg']
Coles	RSPCA Approved Chicken Thigh Fillets Small Pack	$ 10 .50	approx. 700g	$15.00 per 1Kg	"Disclaimer:
Product details, including nutritional information and country of origin, may change from time to time and so the product you receive in your order may not reflect the information on this page. Please check the packaging on any product you purchase and if it's not what you expected, feel free to return it for a full refund.
Details
Storage Instructions:
Keep refrigerated. Store at or below 5C
Preparation Instructions:
Handling Instructions: Store, handle and prepare raw poultry separately to cooked foods. Wash hands after handling. Cook thoroughly, ensure juices run clear when pierced in the thickest part.
Code: 2263317P
2 2 6 3 3 1 7 P
Customers also purchased
Coles RSPCA Approved Chicken Thigh Fillets Large Pack approx. 1.2kg
Coles RSPCA Approved Chicken Thigh Fillets Large Pack
approx. 1.2kg
$16.20
approx. 1.2kg $13.50 per 1Kg
Unit Price
Price is an estimate
Add
1
for $16.20"	[]
Slow Hills	Free Range RSPCA Approved Chicken Thigh Cutlets	$ 13 .65	approx. 650g	$21.00 per 1Kg	"Disclaimer:
Product details, including nutritional information and country of origin, may change from time to time and so the product you receive in your order may not reflect the information on this page. Please check the packaging on any product you purchase and if it's not what you expected, feel free to return it for a full refund.
Details
Storage Instructions:
Keep refrigerated. Store at or below 5C, Keep refrigerated. Store at or below 5CrnTo freeze, do so on day of purchase and use within 1 month. Allow to fully thaw in the refrigerator prior to cooking and keep refrigerated until use. Use within 1 days of thawing. Once thawed do not refreeze.
Preparation Instructions:
Oven:rnHANDLING INSTRUCTIONSStore, handle and prepare raw poultry separately to cooked foods.Wash hands thoroughly after handling raw poultry.HOW TO COOK1. Preheat oven to 180C fan forced (200C conventional).Preheat fry pan to medium heat.2. Remove all packaging and moisture pads.3. Brush chicken with oil and season with coarse salt and black pepper.4. Place cutlets skin side down in the pan and fry for 4 minutes,turn and continue to fry for an additional 2 minutes.5. Remove from fry pan and place onto a lined baking tray.6. Cook in the oven for 30 to 35 minutes, until the skin is golden brownand the juices run clear when pierced.7. Once cooked, lightly cover with foil and allow to rest in a warm,dry place for 5 minutes before serving.rnrn
Code: 4261390P
4 2 6 1 3 9 0 P
Customers also purchased
Slow Hills Free Range RSPCA Approved Whole Chicken approx 1.6kg
Slow Hills Free Range RSPCA Approved Whole Chicken
approx 1.6kg
$17.60
approx 1.6kg $11.00 per 1Kg
Unit Price
Price is an estimate
Add
1
for $17.60

Slow Hills RSPCA Approved Free Range Chicken Breast Fillets Large pack approx. 1.15kg
Slow Hills RSPCA Approved Free Range Chicken Breast Fillets Large pack
approx. 1.15kg
$25.88
approx. 1.15kg $22.50 per 1Kg
Unit Price
Price is an estimate
Add
1.15kg
for $25.88

Slow Hills Free Range RSPCA Approved Chicken Drumsticks approx. 500g on special
Slow Hills Free Range RSPCA Approved Chicken Drumsticks
approx. 500g on special
$6.25
save
$1.00
approx. 500g $12.50 per 1Kg
Unit Price
Price is an estimate
Add
500g
for $6.25"	[]
Steggles	Turkey Breast Roast	$ 16 .00	1kg	$16.00 per 1Kg	"Nutrition Facts
Serving size: 1 serving = 100g
Qty
Quantity
per serving Qty
Quantity
per 100g / 100ml %
Percentage
daily intake*
Energy 404kJ 404kJ 5%
Energy Cal 97 cal 97 cal 5%
Protein 20.2g 20.2g 40%
Total Fat
Less than
< 1.0g
Less than
< 1.0g
Less than
< 1%
Saturated Fat
Less than
< 1.0g
Less than
< 1.0g
Less than
< 1%
Carbohydrate 1.9g 1.9g
Less than
< 1%
Sugars
Less than
< 1.0g
Less than
< 1.0g
Less than
< 1%
Sodium 423mg 423mg 18%
*Percentage Daily Intake per serving. Percentage Daily Intakes are based on an average adult diet of 8700 kJ. Your daily intakes may be higher or lower depending on your energy needs.
Disclaimer:
Product details, including nutritional information and country of origin, may change from time to time and so the product you receive in your order may not reflect the information on this page. Please check the packaging on any product you purchase and if it's not what you expected, feel free to return it for a full refund.
Details
Country of Origin:
Product of Mixed Origin
Ingredients:
Turkey Breast (76%), Marinade (23%) [Water, Modified Starch (1412), Mineral Salts (451, 450, 452, 508), Soy Protein Isolate, Salt, Vegetable Gum (407a, 415), Whey Protein (Milk), Food Acid (331), Sugar, Dextrose (Maize), Maltodextrin, Yeast Extract, Vegetable Oil, Herb Extract], Salt, Seasoning [Salt, Rice Flour, Herbs (Sage (3%)), Parsley (3%)), Dehydrated Vegetable, Vegetable Powders (including Garlic (2%)), Spices, Sugar, Vegetable Oil].
Contains:
Soy, Milk
Allergen:
May Be Present Wheat, May Be Present Gluten, Contains Soy, Contains Milk
Dietary:
99% Fat Free, No Preservatives, No Artificial Flavours or Colours
Servings Per Pack:
10.0
Storage Instructions:
Keep Frozen. Store at or below - 18C.
Usage Instructions:
How to cook (all appliances are different, that's why it's important to use this as a guide only). From Thawed: 1. Preheat oven to 180C (Fan Forced) or 200C (Conventional). 2. Remove plastic covering from foil tray and replace with foil. 3. Place onto baking tray and into preheated oven. 4. Cook for 1 hour. To allow roast to brown remove foil covering 30 minutes prior to the end of the cooking time. Remove from oven and allow to rest for 10 -15 minutes. Remove roast from tray, carve and serve. From Frozen: 1. Preheat oven to 180C (Fan Forced) or 200C (Conventional). 2. Remove roast from freezer. 3. Remove plastic covering from foil tray and replace with foil. 4. Place onto baking tray and into preheated oven. 5. Cook for 2 hours and 15 minutes. To allow roast to brown remove foil covering 30 minutes prior to the end of the cooking time. Remove from oven and allow to rest for 10 -15 minutes. Remove roast from tray, carve and serve. Serve our Turkey Breast Roast with Quinoa & Roast Tomato Salad.
Size:
1kg
Warning:
Though great care has been taken to remove bones from this product, some may remain.
Preparation Instructions:
How to Defrost: Thaw in refrigerator for at least 36 hours or until fully thawed. Keep refrigerated and cook within 36 hours. Do not re-freeze once thawed.
Code: 5588646P
5 5 8 8 6 4 6 P
Customers also purchased
Luv A Duck Frozen Whole Duck 2.1kg on special
Luv A Duck Frozen Whole Duck
2.1kg on special
$14.00
save
$12.20
2.1kg $6.67 per 1Kg
Unit Price
Add
1
for $14.00"	['/wcsstore/Coles-CAS/images/5/5/8/5588646-th.jpg', '/wcsstore/Coles-CAS/images/5/5/8/5588646_L-th.jpg', '/wcsstore/Coles-CAS/images/5/5/8/5588646_R-th.jpg', '/wcsstore/Coles-CAS/images/5/5/8/5588646_B-th.jpg']
